3306 4926
717 880 927 1063 11111.

754 1165 881 1178 *-

291 1266 315 1294 ⁸
342 1287 450 1361 Natus
486 1310 555 1354 sum
592 1287 728 1355 Carolus
761 1288 918 1354 Ernestus
949 1243 1154 1377 Godofredris
1187 1288 1286 1355 Rowe
1319 1291 1393 1354 ante

242 1397 326 1462 diem
352 1397 452 1468 VIII.
477 1396 608 1463 Oalend.
634 1395 832 1482 Septembris
861 1419 890 1463 a.
912 1397 943 1462 h.
968 1419 990 1466 s.
1012 1397 1138 1464 LXIII
1161 1397 1276 1464 Stetini
1301 1402 1393 1480 patre

150 1515 152 1518 ’
241 1504 440 1588 Hermanno,
469 1506 608 1572 musicae
629 1512 846 1590 praeceptore,
875 1511 979 1572 matre
1001 1505 1115 1572 Ottilia
1137 1528 1154 1571 e
1179 1511 1274 1590 gente
1296 1505 1392 1569 Puhl-

109 1613 112 1620 ’
241 1611 348 1696 mann,
371 1635 450 1698 quos
473 1613 577 1679 adhuc
600 1615 786 1698 superstites
808 1635 990 1698 essequam
1005 1616 1143 1680 maxime
1157 1614 1297 1698 gaudem
1319 1613 1394 1678 fidei

241 1723 388 1789 addictus
408 1745 478 1788 sum
500 1723 709 1807 evangelicae.
750 1722 849 1789 Urbis
869 1724 994 1807 patriae
1016 1723 1172 1808 gymnasii
1193 1721 1316 1790 Mariae
1348 1721 1394 1786 di-

242 1832 375 1916 sciplina
395 1853 453 1917 per
475 1831 584 1898 decem
607 1853 706 1900 annos
727 1853 804 1898 usus
826 1837 979 1899 autumno
995 1832 1071 1896 anni
1088 1827 1272 1896 LXXXII
1292 1835 1395 1894 matu·

242 1939 347 2005 ritatis
379 1940 559 2006 testimonio
592 1941 778 2022 instructus,
820 1946 857 2006 ut
888 1941 1080 2026 philologiae
1112 1960 1243 2024 operam
1274 1938 1393 2018 darem,

241 2050 379 2133 primum
399 2049 638 2114 universitatem
659 2030 898 2114 Berolinensem
926 2049 999 2116 adii.
1043 2047 1160 2113 Tribus
1190 2035 1394 2113 semestribus

241 2163 315 2242 post
336 2157 526 2241 Gottingam
547 2143 598 2222 nie
620 2157 748 2240 contuh,
777 2157 833 2223 ubi
854 2179 909 2224 sex
931 2178 1055 2223 menses
1078 2161 1292 2222 commoratus
1314 2177 1390 2220 sum.

243 2265 327 2332 Tum
339 2264 444 2332 Halae
460 2265 624 2332 Saxonum
642 2267 785 2352 migravi,
807 2266 862 2333 ubi
882 2288 941 2351 per
964 2271 1116 2350 quattuor
1131 2264 1298 2330 semestris
1320 2263 1394 2328 civis
1499 2247 1504 2257 ⁸

243 2374 444 2440 academicus
463 2374 519 2439 fui.
1157 2361 1158 2364 ¹

345 2483 533 2549 Docuerrmt
554 2505 605 2548 me
619 2483 678 2548 viri
695 2483 860 2548 clarissimi
874 2479 1054 2560 Kirohhoff,
1077 2479 1225 2562 Hiibner,
1246 2479 1395 2557 Paulson,

244 2590 415 2675 Roediger,
434 2590 572 2673 Vahlen,
592 2591 710 2671 Maesa,
733 2589 849 2672 Zeller,
871 2590 911 2656 de
926 2588 1121 2660 Treitschhe,
1144 2587 1283 2672 Kiepert
1296 2587 1394 2654 Bero-

242 2699 394 2780 linensee3
432 2699 570 2784 Sauppe,
607 2699 748 2782 Peipers,
781 2699 821 2764 de
844 2690 1321 2776 Wilamouitz-Moellendorff,
1355 2693 1400 2759 de

244 2805 395 2887 Leutsch,
415 2806 577 2886 Goedehe,
596 2805 722 2890 Heyne,
743 2805 874 2890 Dilthey
890 2805 1134 2889 Gottingenses3
1156 2803 1242 2883 Keil,
1260 2802 1395 2881 Zacher,

245 2912 383 2995 Grosche,
410 2912 647 2998 Dittenberger,
673 2912 789 2994 Hiller,
818 2912 1040 2998 Heydemann,
1063 2911 1248 2998 Vaihinger,
1275 2911 1393 2994 Haym,

245 3022 384 3104 Gering,
422 3021 569 3106 Uphues,
599 3020 754 3087 Burdaeh
782 3020 951 3087 Halenses.
1010 3020 1178 3088 Seminarii
1213 3018 1395 3104 philologici

245 3130 523 3196 exercitationibus
546 3135 582 3195 ut
606 3131 792 3196 interessem
813 3152 872 3215 per
894 3151 949 3196 sex
978 3151 1102 3196 menses
1124 3128 1254 3214 Sauppe
1276 3127 1396 3195 111111-

245 3240 337 3324 they,
379 3262 437 3324 per
469 3246 584 3324 quater
617 3261 672 3305 sex
712 3261 835 3306 menses
867 3239 962 3322 Keil,
1003 3240 1124 3318 Hiller,
1167 3239 1395 3326 Dittenberger

245 3348 469 3432 benignissime
499 3347 577 3429 mihi
610 3349 838 3431 permiserunt3
874 3348 1087 3427 societatibus,
1121 3370 1201 3432 quas
1232 3349 1396 3414 instituere

247 3456 399 3534 solebant,
421 3441 557 3537 Zacher,
578 3454 711 3539 Gering,
733 3455 876 3539 Uphues,
899 3455 1050 3522 Burdaeh
1072 3476 1123 3520 me
1144 3455 1351 3522 admiserunt.

348 3563 431 3630 Inde
464 3585 484 3628 a
514 3561 664 3629 Calendis
692 3561 789 3630 Iuliis
821 3586 953 3630 munere
985 3565 1157 3648 signatoris
1184 3564 1397 3630 universitatis

247 3672 398 3738 Halensis
419 3671 631 3738 bibliothecae
652 3671 778 3756 fungor.

350 3778 507 3846 Omnibus
529 3785 637 3846 autem
658 3779 741 3859 uiris,
763 3775 818 3864 qui
840 3801 890 3844 me
910 3777 1095 3860 docuerunt,
1117 3777 1271 3861 imprimis
1289 3775 1396 3842 Keilio

247 3893 283 3954 11
299 3887 433 3970 Hillero,
455 3889 593 3974 gratiam
610 3909 734 3972 semper
756 3886 891 3974 habebo⁴
903 3907 1000 3970 quam
1020 3886 1201 3954 maximam.

649 4185 999 4211 *ku—*q
