3306 4926
775 375 986 443 ..42-

198 625 204 632 ι
306 534 360 608 διὰ
380 543 484 609 ταῦτα
506 533 657 630 ὑγιαίνεις
678 569 712 612 τε
734 547 787 612 καὶ
807 543 946 632 deposcat
959 540 999 612 τὸ
1016 547 1110 631 σῶμα
1123 595 1148 614 ..
1163 596 1170 613 ,
1187 544 1216 612 ol
1236 547 1271 613 δὲ
1284 541 1344 612 dar’
1360 541 1458 632 ἄκρα-

308 651 376 728 σίας
397 645 509 718 ἄθλιοι
529 653 561 718 τί
581 656 651 718 τῶν
670 657 784 720 κακῶν
804 649 866 722 οὐκ
886 651 1018 740 ἕχοασι;ι
1060 655 1113 721 Ne
1134 655 1214 722 baec
1229 655 1357 740 quidem
1376 655 1459 722 simi·

306 757 407 824 litudo
429 759 589 843 singulare
610 761 785 846 quidquam
799 762 912 841 habet;
935 781 1010 828 nam
1026 761 1193 844 Horatius,
1215 785 1287 829 cum
1301 764 1460 830 modicum

307 865 426 947 victum
447 889 525 951 prae
545 868 708 937 luxurioso
726 869 971 951 commendaret,
994 871 1041 936 ita
1063 893 1191 957 quoque
1213 893 1284 938 eum
1304 893 1460 938 commen·

309 973 386 1038 dare
406 974 553 1059 debebat,
580 983 616 1044 ut
638 977 759 1045 validos
781 999 854 1044 eum
875 979 1018 1045 homines
1041 979 1174 1045 reddere
1196 986 1348 1048 moneret.
1391 979 1460 1046 Otr.

309 1083 405 1148 etiam
427 1084 544 1152 similes
571 1086 658 1154 locos
688 1086 774 1171 apud
796 1085 1015 1172 Theognidem
1043 1089 1213 1155 605-606
1246 1089 1376 1175 ,Πολλῷ
1408 1111 1462 1154 τοι

310 1191 451 1269 πλέονας
478 1196 574 1278 λιμοῦ
602 1188 702 1280 κόρος
726 1188 846 1260 ὤλεσεν
874 1188 933 1281 ἤδη
956 1188 1089 1279 ἄνδρας,
1119 1185 1199 1263 ὅσοι,
1212 1197 1325 1281 μοίρης
1348 1199 1462 1261 κλεῖον

311 1297 394 1383 ’ἐχειν
414 1297 550 1385 ἔθελον,
573 1302 739 1370 Aristotel
761 1303 949 1387 problemat.
974 1296 995 1368 ά
1019 1307 1067 1384 15,
1086 1301 1262 1372 0151555.
1285 1303 1327 1388 V,
1343 1307 1394 1387 34,
1412 1307 1462 1383 99,

314 1411 386 1491 100,
405 1409 500 1494 Diog.
522 1409 562 1482 L.
585 1410 622 1476 X
650 1415 675 1492 l,
700 1414 768 1478 131.

337 1565 338 1568 ,
413 1517 496 1584 Hor.
513 1540 560 1604 ep.
572 1519 603 1597 Ι,
627 1523 676 1600 18,
694 1526 726 1586 7:
748 1539 851 1599 ,cusa
870 1524 960 1599 oute‘,
977 1519 1057 1585 Luc.
1072 1519 1121 1585 bis
1140 1539 1243 1588 accus.
1260 1523 1304 1586 20
1325 1516 1370 1600 ,ἒν
1393 1519 1463 1605 χρῷ

313 1625 492 1710 κέκαρμαν.
537 1627 662 1694 Stoicos
683 1629 732 1694 vel
747 1649 816 1708 eoa,
838 1629 893 1712 qui
910 1627 1090 1695 Stoicorum
1110 1629 1245 1713 speciem
1261 1628 1464 1707 affectabant,

314 1733 418 1798 verbis
446 1741 550 1814 ,tonsa
571 1741 652 1803 cute‘
674 1737 832 1803 Horatius
854 1736 906 1801 hic
921 1735 1093 1816 ,describit3
1124 1737 1185 1802 hoc
1206 1741 1312 1802 autem
1334 1757 1354 1801 a
1376 1741 1463 1801 certo

315 1841 455 1924 quodam
477 1848 608 1910 auctore
640 1867 712 1911 eum
742 1845 911 1930 sumpsisse
936 1844 1008 1910 ideo
1036 1845 1161 1930 opinari
1184 1865 1248 1911 non
1275 1845 1359 1926 licet,
1390 1845 1466 1928 quia

315 1957 429 2036 poetae
463 1973 572 2020 omnes
605 1954 717 2019 comici
748 1959 781 2020 et
811 1953 931 2020 satirici
962 1954 1008 2019 ita
1040 1953 1145 2019 dicere
1177 1954 1287 2021 solent.
1341 1953 1465 2020 Morem

317 2059 498 2126 Stoicorum
530 2061 661 2146 capillos
693 2061 846 2130 tondendi
878 2062 975 2126 etiam
1005 2061 1171 2127 Juvenalis
1203 2067 1238 2141 2,
1274 2064 1314 2127 15
1346 2059 1464 2144 ,Atque

288 2173 289 2179 ’
316 2169 483 2253 supercilio
512 2169 638 2236 brevior
666 2175 767 2237 coma‘
794 2177 827 2238 et
848 2169 1010 2236 Lucienus
1041 2169 1094 2236 vit.
1118 2173 1200 2237 auct.
1220 2171 1270 2250 20,
1302 2168 1390 2254 fugit.
1411 2173 1461 2248 27,

316 2277 465 2345 Hermot.
488 2281 528 2346 18
550 2279 604 2345 alii
626 2283 747 2346 notant.

420 2387 537 2453 Horat.
559 2393 619 2454 sat.
636 2387 665 2468 Ι,
689 2391 719 2469 5,
744 2391 801 2454 16;
834 2385 948 2469 ,Multa
969 2385 1116 2470 prolutus
1138 2391 1261 2470 vappa‘,
1292 2385 1347 2452 cfr.
1371 2385 1468 2450 etiam

318 2499 378 2560 sat.
401 2494 448 2574 ΙΙ,
467 2500 498 2574 4,
526 2498 576 2573 26,
606 2495 684 2563 Luc.
706 2495 790 2562 Dial.
813 2494 900 2562 deor.
925 2493 1058 2570 XXIII
1080 2497 1100 2558 2
1123 2491 1254 2576 ,ἱκανῶς
1274 2486 1469 2577 υἰιοβιβρεγ-

318 2603 431 2687 μένον,
454 2603 509 2672 cfr.
532 2605 628 2670 etiam
650 2604 723 2688 gall.
741 2608 770 2686 8,
791 2604 869 2669 asin.
892 2606 943 2682 51,
964 2602 1142 2687 Philopatr.
1164 2606 1194 2681 4,
1216 2603 1391 2667 Icaromeu.
1414 2605 1467 2666 27.

320 2709 402 2777 Cum
426 2717 458 2777 et
480 2713 567 2796 apud
589 2712 733 2780 Graecos
751 2705 1049 2797 ,duodedpeype‘vog‘
1070 2731 1128 2794 pro
1151 2708 1393 2793 ,aliquantulum
1415 2729 1469 2791 ap-

320 2826 423 2904 potus‘
446 2821 559 2906 115515.
580 2821 699 2886 Electr.
722 2823 794 2901 326,
815 2819 901 2886 Plut.
923 2817 1035 2884 moral.
1055 2839 1087 2901 p.
1112 2816 1222 2895 1521),
1245 2815 1323 2882 Ρ511.
1344 2815 1396 2885 VI
1420 2817 1470 2893 25,

321 2927 449 2995 Heliod.
475 2928 513 2996 V.
534 2951 563 3012 p.
587 2931 659 3009 255,
689 2929 791 3012 Long.
812 2927 851 2992 II
868 2950 900 3012 p.
924 2928 966 2992 60
986 2930 1018 2990 et
1039 2925 1126 3008 apud
1147 2924 1311 2990 Romanos
1333 2944 1377 3005 ,se
1398 2941 1471 3005 pro-

321 3038 418 3102 15555
439 3057 497 3120 pro
519 3035 647 3116 ,bibere‘
671 3042 703 3102 et
725 3041 856 3121 ‚potare‘
878 3034 1003 3118 vulgari
1022 3033 1054 3097 in
1069 3054 1129 3098 usu
1145 3033 1241 3098 fuisse
1259 3031 1365 3098 Plaut.
1377 3029 1471 3096 (lunc.

323 3147 342 3210 1
366 3150 394 3224 2,
416 3149 466 3222 28,
490 3145 589 3228 Verg.
610 3146 693 3210 Aen.
716 3145 743 3224 Ι,
765 3148 835 3221 739,
859 3143 948 3210 Pers.
969 3141 1093 3226 prolog.
1120 3146 1136 3206 l
1162 3141 1387 3226 demonstrent,
1410 3159 1473 3204 non

324 3261 381 3334 est,
402 3276 458 3318 cur
479 3253 519 3319 de
540 3254 606 3319 ulla
625 3255 801 3320 imitatione
823 3252 1007 3337 cogitemus,

425 3362 584 3447 Quoniam
603 3363 669 3428 iam
690 3384 743 3428 aas
766 3383 892 3446 quoque
913 3359 1140 3438 similitudines,
1164 3380 1244 3443 quas
1266 3356 1473 3424 Heinriohius

324 3469 439 3548 attulit,
461 3469 731 3554 perlustravimus
753 3491 793 3536 ne
814 3469 929 3534 barum
951 3466 1079 3552 quidem
1093 3467 1127 3531 in
1141 3488 1276 3532 numero
1291 3465 1390 3530 ullam
1407 3483 1475 3529 esso

322 3575 467 3658 judicare
486 3578 568 3656 licet,
592 3598 674 3662 quae
689 3577 732 3644 ad
746 3576 932 3660 Menippum
951 3576 1022 3660 juro
1040 3574 1206 3640 referatur.
1251 3574 1368 3657 Itaque
1390 3573 1475 3656 ipsas

325 3683 445 3750 Horati
478 3691 603 3751 saturas
636 3707 708 3750 oum
735 3684 879 3750 Lucieno
912 3689 944 3750 et
964 3682 1121 3752 Varronis
1156 3683 1273 3748 saturis
1299 3678 1476 3763 Menippeis

327 3799 528 3878 comparatas
544 3783 627 3860 'nihil
648 3793 690 3858 ad
708 3791 930 3860 stabiliendam
952 3791 1161 3875 suspicionem
1183 3790 1279 3870 illam,
1302 3785 1476 3852 Horatium

326 3921 418 3966 usum
440 3922 508 3966 esse
529 3900 689 3985 Menipp0,
712 3898 857 3965 conferre
879 3899 988 3965 elucet.

429 4007 493 4074 Sed
510 4008 587 4093 jam,
609 4014 646 4074 ut
666 4007 805 4074 breviter
820 4004 1133 4091 comprehendamus,
1157 4025 1239 4090 quae
1256 4003 1478 4070 dissertatione

328 4114 488 4182 adfinem
516 4117 671 4202 perducta
697 4115 983 4202 comprobavimus
1017 4115 1050 4179 in
1072 4115 1258 4179 memoriam
1286 4131 1477 4192 revocemus,

282 4250 285 4258 ·
330 4246 427 4308 quam
456 4226 540 4290 viam
569 4227 669 4292 secuti
695 4227 803 4291 simus.
860 4224 1005 4289 Primum
1030 4223 1128 4308 igitur
1153 4223 1296 4309 Menippi
1318 4221 1414 4286 vitam
1447 4224 1480 4284 et

331 4332 488 4398 scribendi
519 4355 618 4418 genus
650 4332 917 4400 adumbravimus
966 4331 1091 4398 Deinde
1124 4331 1157 4396 in
1185 4333 1367 4396 universum
1398 4347 1480 4412 quae

330 4442 413 4514 ratio
435 4442 443 4470 ‘'
469 4448 494 4464 ¹·
538 4441 711 4516 Treacatium
734 4446 766 4506 et
787 4441 957 4534 scriptores
979 4439 1123 4508 Graecos
1144 4437 1363 4518 intercederet,
1387 4435 1481 4528 expli.
