<?xml version="1.0" encoding="UTF-8"?>
<!DOCTYPE html PUBLIC "-//W3C//DTD XHTML 1.0 Transitional//EN"
    "http://www.w3.org/TR/xhtml1/DTD/xhtml1-transitional.dtd">
<html xmlns="http://www.w3.org/1999/xhtml" xml:lang="en" lang="en">
 <head>
  <title>
</title>
<meta http-equiv="Content-Type" content="text/html;charset=utf-8" />
  <meta name='ocr-system' content='tesseract 3.04.00' />
  <meta name='ocr-capabilities' content='ocr_page ocr_carea ocr_par ocr_line ocrx_word'/>
</head>
<body>
  <div class='ocr_page' id='page_1' title='image "./quaeriturquojur00rowegoog_0033.png"; bbox 0 0 3306 4926; ppageno 0'>
   <div class='ocr_carea' id='block_1_1' title="bbox 759 373 969 434">
    <p class='ocr_par' dir='ltr' id='par_1_1' title="bbox 759 373 969 434">
     <span class='ocr_line' id='line_1_1' title="bbox 759 373 969 434; baseline -0.01 -15"><span class='ocrx_word' id='word_1_1' title='bbox 759 373 969 434; x_wconf 73' lang='lat' dir='ltr'>..2g..</span> 
     </span>
    </p>
   </div>
   <div class='ocr_carea' id='block_1_2' title="bbox 341 506 1442 626">
    <p class='ocr_par' dir='ltr' id='par_1_2' title="bbox 341 506 1442 626">
     <span class='ocr_line' id='line_1_2' title="bbox 341 506 1442 626; baseline 0.005 -28"><span class='ocrx_word' id='word_1_2' title='bbox 341 506 344 516; x_wconf 43' lang='lat'>,</span> <span class='ocrx_word' id='word_1_3' title='bbox 394 532 511 601; x_wconf 90' lang='lat' dir='ltr'>Horat.</span> <span class='ocrx_word' id='word_1_4' title='bbox 531 536 551 601; x_wconf 95' lang='lat' dir='ltr'>I</span> <span class='ocrx_word' id='word_1_5' title='bbox 572 541 600 617; x_wconf 88' lang='lat'>8,</span> <span class='ocrx_word' id='word_1_6' title='bbox 631 541 681 618; x_wconf 86' lang='grc'><strong>34,</strong></span> <span class='ocrx_word' id='word_1_7' title='bbox 709 531 767 606; x_wconf 84' lang='grc'>35;</span> <span class='ocrx_word' id='word_1_8' title='bbox 804 548 977 626; x_wconf 88' lang='lat' dir='ltr'>,serpentes</span> <span class='ocrx_word' id='word_1_9' title='bbox 1009 547 1105 626; x_wconf 91' lang='lat' dir='ltr'>atque</span> <span class='ocrx_word' id='word_1_10' title='bbox 1134 540 1260 606; x_wconf 75' lang='lat' dir='ltr'>¹uideres</span> <span class='ocrx_word' id='word_1_11' title='bbox 1294 539 1442 606; x_wconf 82' lang='lat' dir='ltr'>Infernas</span> 
     </span>
    </p>
   </div>
   <div class='ocr_carea' id='block_1_3' title="bbox 290 637 1443 1842">
    <p class='ocr_par' dir='ltr' id='par_1_3' title="bbox 293 637 1443 1058">
     <span class='ocr_line' id='line_1_3' title="bbox 294 637 1443 734; baseline 0.01 -32"><span class='ocrx_word' id='word_1_12' title='bbox 294 657 401 706; x_wconf 84' lang='lat' dir='ltr'>errare</span> <span class='ocrx_word' id='word_1_13' title='bbox 430 651 533 710; x_wconf 87' lang='lat' dir='ltr'>canos‘</span> <span class='ocrx_word' id='word_1_14' title='bbox 560 651 591 710; x_wconf 91' lang='lat' dir='ltr'>et</span> <span class='ocrx_word' id='word_1_15' title='bbox 616 647 695 715; x_wconf 84' lang='lat' dir='ltr'>Luc.</span> <span class='ocrx_word' id='word_1_16' title='bbox 716 649 854 734; x_wconf 90' lang='lat' dir='ltr'>Menipp.</span> <span class='ocrx_word' id='word_1_17' title='bbox 880 655 919 715; x_wconf 91' lang='lat'>10</span> <span class='ocrx_word' id='word_1_18' title='bbox 952 644 1062 729; x_wconf 73' lang='grc' dir='ltr'><strong>,εὐθὺς</strong></span> <span class='ocrx_word' id='word_1_19' title='bbox 1092 637 1151 716; x_wconf 81' lang='grc' dir='ltr'>οὖν</span> <span class='ocrx_word' id='word_1_20' title='bbox 1178 642 1308 714; x_wconf 74' lang='grc' dir='ltr'><em>ἅπαντα</em></span> <span class='ocrx_word' id='word_1_21' title='bbox 1336 646 1443 714; x_wconf 77' lang='grc' dir='ltr'><em>ἐκεῖνα</em></span> 
     </span>
     <span class='ocr_line' id='line_1_4' title="bbox 293 741 1441 844; baseline 0.01 -36"><span class='ocrx_word' id='word_1_22' title='bbox 293 741 460 814; x_wconf 76' lang='grc' dir='ltr'><em>ἐσαλεύετο</em></span> <span class='ocrx_word' id='word_1_23' title='bbox 491 754 544 818; x_wconf 83' lang='grc' dir='ltr'>καὶ</span> <span class='ocrx_word' id='word_1_24' title='bbox 570 751 634 819; x_wconf 82' lang='grc' dir='ltr'>ὐπὸ</span> <span class='ocrx_word' id='word_1_25' title='bbox 662 759 717 841; x_wconf 85' lang='grc' dir='ltr'>τῆς</span> <span class='ocrx_word' id='word_1_26' title='bbox 744 755 873 844; x_wconf 75' lang='grc' dir='ltr'><em>ἐπῳδῆς</em></span> <span class='ocrx_word' id='word_1_27' title='bbox 903 751 1070 840; x_wconf 77' lang='grc' dir='ltr'><em>τοῦδαφος</em></span> <span class='ocrx_word' id='word_1_28' title='bbox 1094 751 1310 844; x_wconf 76' lang='grc' dir='ltr'><em>α’νεῤῥὴγνντο</em></span> <span class='ocrx_word' id='word_1_29' title='bbox 1343 759 1395 821; x_wconf 81' lang='grc' dir='ltr'>καὶ</span> <span class='ocrx_word' id='word_1_30' title='bbox 1421 751 1441 841; x_wconf 81' lang='grc' dir='ltr'><em>ἦ</em></span> 
     </span>
     <span class='ocr_line' id='line_1_5' title="bbox 294 844 1443 952; baseline 0.007 -34"><span class='ocrx_word' id='word_1_31' title='bbox 294 844 398 941; x_wconf 75' lang='grc' dir='ltr'><em>ὑλακὴ</em></span> <span class='ocrx_word' id='word_1_32' title='bbox 430 861 489 923; x_wconf 83' lang='grc' dir='ltr'>τοῦ</span> <span class='ocrx_word' id='word_1_33' title='bbox 519 862 675 948; x_wconf 77' lang='grc' dir='ltr'><em>κερβέροο</em></span> <span class='ocrx_word' id='word_1_34' title='bbox 697 857 876 950; x_wconf 71' lang='grc' dir='ltr'><em>πόῤῥωθεν</em></span> <span class='ocrx_word' id='word_1_35' title='bbox 897 858 1035 952; x_wconf 81' lang='grc' dir='ltr'><em>ἠκούετο</em></span> <span class='ocrx_word' id='word_1_36' title='bbox 1058 867 1111 931; x_wconf 84' lang='grc' dir='ltr'>καὶ</span> <span class='ocrx_word' id='word_1_37' title='bbox 1132 861 1170 930; x_wconf 84' lang='grc' dir='ltr'>τὸ</span> <span class='ocrx_word' id='word_1_38' title='bbox 1192 867 1323 950; x_wconf 82' lang='grc' dir='ltr'><em>πρᾶγμα</em></span> <span class='ocrx_word' id='word_1_39' title='bbox 1343 859 1443 948; x_wconf 73' lang='grc' dir='ltr'><em>ὑπερ-</em></span> 
     </span>
     <span class='ocr_line' id='line_1_6' title="bbox 293 956 815 1058; baseline 0.023 -33"><span class='ocrx_word' id='word_1_40' title='bbox 293 966 434 1049; x_wconf 75' lang='grc' dir='ltr'><em>κατηφὲς</em></span> <span class='ocrx_word' id='word_1_41' title='bbox 454 956 493 1053; x_wconf 78' lang='grc' dir='ltr'>ἦν</span> <span class='ocrx_word' id='word_1_42' title='bbox 513 971 566 1036; x_wconf 85' lang='grc' dir='ltr'>καὶ</span> <span class='ocrx_word' id='word_1_43' title='bbox 589 966 815 1058; x_wconf 50' lang='grc' dir='ltr'><em>σκυθρωπόνᾏ</em></span> 
     </span>
    </p>

    <p class='ocr_par' dir='ltr' id='par_1_4' title="bbox 290 1096 1443 1842">
     <span class='ocr_line' id='line_1_7' title="bbox 394 1096 1443 1188; baseline 0.006 -26"><span class='ocrx_word' id='word_1_44' title='bbox 394 1096 512 1166; x_wconf 80' lang='lat' dir='ltr'><strong>Horat.</strong></span> <span class='ocrx_word' id='word_1_45' title='bbox 534 1107 592 1170; x_wconf 90' lang='lat' dir='ltr'>sat.</span> <span class='ocrx_word' id='word_1_46' title='bbox 616 1103 632 1168; x_wconf 92' lang='grc' dir='ltr'><strong>Ι</strong></span> <span class='ocrx_word' id='word_1_47' title='bbox 654 1109 682 1184; x_wconf 87' lang='grc'>8,</span> <span class='ocrx_word' id='word_1_48' title='bbox 701 1108 751 1184; x_wconf 88' lang='lat'>35,</span> <span class='ocrx_word' id='word_1_49' title='bbox 774 1109 832 1169; x_wconf 85' lang='lat'>36:</span> <span class='ocrx_word' id='word_1_50' title='bbox 870 1099 1069 1188; x_wconf 80' lang='lat' dir='ltr'>‚Lunamque</span> <span class='ocrx_word' id='word_1_51' title='bbox 1091 1103 1257 1169; x_wconf 88' lang='lat' dir='ltr'>rubentem</span> <span class='ocrx_word' id='word_1_52' title='bbox 1279 1102 1330 1169; x_wconf 89' lang='lat' dir='ltr'>Ne</span> <span class='ocrx_word' id='word_1_53' title='bbox 1359 1101 1443 1168; x_wconf 83' lang='lat' dir='ltr'>soret</span> 
     </span>
     <span class='ocr_line' id='line_1_8' title="bbox 292 1201 1441 1297; baseline 0.009 -31"><span class='ocrx_word' id='word_1_54' title='bbox 292 1201 341 1268; x_wconf 87' lang='lat' dir='ltr'>his</span> <span class='ocrx_word' id='word_1_55' title='bbox 362 1207 460 1288; x_wconf 73' lang='lat' dir='ltr'>testis</span> <span class='ocrx_word' id='word_1_56' title='bbox 484 1216 557 1293; x_wconf 92' lang='lat' dir='ltr'>post</span> <span class='ocrx_word' id='word_1_57' title='bbox 583 1233 701 1297; x_wconf 87' lang='lat' dir='ltr'>magna</span> <span class='ocrx_word' id='word_1_58' title='bbox 727 1213 827 1278; x_wconf 85' lang='lat' dir='ltr'>latere</span> <span class='ocrx_word' id='word_1_59' title='bbox 849 1213 1026 1297; x_wconf 88' lang='lat' dir='ltr'>sepulchra‘</span> <span class='ocrx_word' id='word_1_60' title='bbox 1052 1218 1083 1277; x_wconf 90' lang='lat' dir='ltr'>et</span> <span class='ocrx_word' id='word_1_61' title='bbox 1105 1212 1183 1280; x_wconf 86' lang='lat' dir='ltr'>Luc.</span> <span class='ocrx_word' id='word_1_62' title='bbox 1205 1213 1441 1296; x_wconf 89' lang='lat' dir='ltr'>Icaromenipp.</span> 
     </span>
     <span class='ocr_line' id='line_1_9' title="bbox 293 1313 1442 1407; baseline 0.01 -32"><span class='ocrx_word' id='word_1_63' title='bbox 293 1316 342 1392; x_wconf 93' lang='grc'><strong>21,</strong></span> <span class='ocrx_word' id='word_1_64' title='bbox 364 1313 502 1403; x_wconf 80' lang='grc' dir='ltr'><em>Σελήνη·</em></span> <span class='ocrx_word' id='word_1_65' title='bbox 535 1315 606 1399; x_wconf 76' lang='grc' dir='ltr'>,κᾶν</span> <span class='ocrx_word' id='word_1_66' title='bbox 627 1345 702 1388; x_wconf 86' lang='grc' dir='ltr'><em>τινα</em></span> <span class='ocrx_word' id='word_1_67' title='bbox 723 1321 785 1386; x_wconf 74' lang='lat' dir='ltr'>tou</span> <span class='ocrx_word' id='word_1_68' title='bbox 806 1317 919 1386; x_wconf 78' lang='grc' dir='ltr'><em>ον’των</em></span> <span class='ocrx_word' id='word_1_69' title='bbox 934 1316 1128 1407; x_wconf 74' lang='grc' dir='ltr'><em>μοιχεύοντα</em></span> <span class='ocrx_word' id='word_1_70' title='bbox 1149 1316 1169 1407; x_wconf 81' lang='grc' dir='ltr'><em>ἢ</em></span> <span class='ocrx_word' id='word_1_71' title='bbox 1190 1323 1374 1386; x_wconf 79' lang='grc' dir='ltr'><em>κλέπτοντα</em></span> <span class='ocrx_word' id='word_1_72' title='bbox 1393 1358 1442 1399; x_wconf 90' lang='grc'><strong>-,</strong></span> 
     </span>
     <span class='ocr_line' id='line_1_10' title="bbox 291 1415 1443 1517; baseline 0.006 -32"><span class='ocrx_word' id='word_1_73' title='bbox 291 1415 393 1500; x_wconf 70' lang='grc' dir='ltr'><em>εὐθὺς</em></span> <span class='ocrx_word' id='word_1_74' title='bbox 413 1423 655 1515; x_wconf 76' lang='grc' dir='ltr'><em>ἐπισπασαμένη</em></span> <span class='ocrx_word' id='word_1_75' title='bbox 674 1426 712 1495; x_wconf 85' lang='grc' dir='ltr'>τὸ</span> <span class='ocrx_word' id='word_1_76' title='bbox 733 1431 835 1514; x_wconf 81' lang='grc' dir='ltr'><em>νέφος</em></span> <span class='ocrx_word' id='word_1_77' title='bbox 850 1425 1107 1515; x_wconf 78' lang='grc' dir='ltr'><em>ἐνεκαλυψάμην,</em></span> <span class='ocrx_word' id='word_1_78' title='bbox 1129 1426 1183 1495; x_wconf 77' lang='grc' dir='ltr'>ἵνα</span> <span class='ocrx_word' id='word_1_79' title='bbox 1203 1425 1245 1517; x_wconf 74' lang='grc' dir='ltr'>μὴ</span> <span class='ocrx_word' id='word_1_80' title='bbox 1262 1430 1357 1508; x_wconf 77' lang='grc' dir='ltr'><em>δείξω</em></span> <span class='ocrx_word' id='word_1_81' title='bbox 1374 1439 1443 1506; x_wconf 84' lang='grc' dir='ltr'><em>τοῖς</em></span> 
     </span>
     <span class='ocr_line' id='line_1_11' title="bbox 290 1530 1442 1624; baseline 0.008 -32"><span class='ocrx_word' id='word_1_82' title='bbox 290 1533 425 1609; x_wconf 74' lang='grc' dir='ltr'><em>πολλοῖς</em></span> <span class='ocrx_word' id='word_1_83' title='bbox 443 1534 599 1618; x_wconf 81' lang='grc' dir='ltr'><em>γέροντας</em></span> <span class='ocrx_word' id='word_1_84' title='bbox 625 1532 747 1623; x_wconf 71' lang='grc' dir='ltr'><em>ἄνδρας</em></span> <span class='ocrx_word' id='word_1_85' title='bbox 772 1541 871 1617; x_wconf 75' lang='grc' dir='ltr'><em>βαθεῖ</em></span> <span class='ocrx_word' id='word_1_86' title='bbox 894 1530 1033 1624; x_wconf 77' lang='grc' dir='ltr'><em>πώγωνι</em></span> <span class='ocrx_word' id='word_1_87' title='bbox 1062 1539 1115 1603; x_wconf 86' lang='grc' dir='ltr'>καὶ</span> <span class='ocrx_word' id='word_1_88' title='bbox 1144 1531 1241 1622; x_wconf 73' lang='grc' dir='ltr'><em>ἀρειῇ</em></span> <span class='ocrx_word' id='word_1_89' title='bbox 1270 1536 1442 1622; x_wconf 81' lang='grc' dir='ltr'><em>ἐνασχημο-</em></span> 
     </span>
     <span class='ocr_line' id='line_1_12' title="bbox 292 1640 1442 1727; baseline 0.01 -27"><span class='ocrx_word' id='word_1_90' title='bbox 292 1640 459 1723; x_wconf 85' lang='grc' dir='ltr'><em>νοῦντας“,</em></span> <span class='ocrx_word' id='word_1_91' title='bbox 483 1666 565 1727; x_wconf 90' lang='lat' dir='ltr'>quae</span> <span class='ocrx_word' id='word_1_92' title='bbox 587 1647 806 1712; x_wconf 78' lang='lat' dir='ltr'>similitudines</span> <span class='ocrx_word' id='word_1_93' title='bbox 828 1669 899 1712; x_wconf 93' lang='lat' dir='ltr'>cum</span> <span class='ocrx_word' id='word_1_94' title='bbox 921 1648 953 1712; x_wconf 94' lang='lat' dir='ltr'>in</span> <span class='ocrx_word' id='word_1_95' title='bbox 976 1647 1094 1712; x_wconf 90' lang='lat' dir='ltr'>eisdem</span> <span class='ocrx_word' id='word_1_96' title='bbox 1115 1647 1235 1712; x_wconf 91' lang='lat' dir='ltr'>Horati</span> <span class='ocrx_word' id='word_1_97' title='bbox 1256 1652 1288 1711; x_wconf 89' lang='lat' dir='ltr'>et</span> <span class='ocrx_word' id='word_1_98' title='bbox 1307 1645 1442 1713; x_wconf 83' lang='lat' dir='ltr'>Luciani</span> 
     </span>
     <span class='ocr_line' id='line_1_13' title="bbox 292 1748 1322 1842; baseline 0.01 -32"><span class='ocrx_word' id='word_1_99' title='bbox 292 1748 417 1833; x_wconf 90' lang='lat' dir='ltr'>seriptis</span> <span class='ocrx_word' id='word_1_100' title='bbox 438 1753 646 1836; x_wconf 83' lang='lat' dir='ltr'>inveniantur,</span> <span class='ocrx_word' id='word_1_101' title='bbox 668 1777 818 1842; x_wconf 83' lang='lat' dir='ltr'>magnam</span> <span class='ocrx_word' id='word_1_102' title='bbox 841 1757 904 1822; x_wconf 85' lang='lat' dir='ltr'>vim</span> <span class='ocrx_word' id='word_1_103' title='bbox 923 1757 961 1820; x_wconf 90' lang='lat' dir='ltr'>iis</span> <span class='ocrx_word' id='word_1_104' title='bbox 983 1755 1095 1820; x_wconf 78' lang='lat' dir='ltr'>tribuit</span> <span class='ocrx_word' id='word_1_105' title='bbox 1115 1755 1322 1821; x_wconf 84' lang='lat' dir='ltr'>Fritzschius.</span> 
     </span>
    </p>
   </div>
   <div class='ocr_carea' id='block_1_4' title="bbox 289 1879 1441 2416">
    <p class='ocr_par' dir='ltr' id='par_1_5' title="bbox 289 1879 1441 2416">
     <span class='ocr_line' id='line_1_14' title="bbox 394 1879 1441 1970; baseline 0.004 -26"><span class='ocrx_word' id='word_1_106' title='bbox 394 1879 505 1964; x_wconf 82' lang='lat' dir='ltr'>Atque</span> <span class='ocrx_word' id='word_1_107' title='bbox 530 1884 576 1948; x_wconf 89' lang='lat' dir='ltr'>illi</span> <span class='ocrx_word' id='word_1_108' title='bbox 600 1885 662 1950; x_wconf 90' lang='lat' dir='ltr'>loci</span> <span class='ocrx_word' id='word_1_109' title='bbox 687 1887 789 1970; x_wconf 90' lang='lat' dir='ltr'>primo</span> <span class='ocrx_word' id='word_1_110' title='bbox 813 1887 883 1951; x_wconf 90' lang='lat' dir='ltr'>loco</span> <span class='ocrx_word' id='word_1_111' title='bbox 909 1887 993 1950; x_wconf 92' lang='lat' dir='ltr'>inter</span> <span class='ocrx_word' id='word_1_112' title='bbox 1020 1907 1052 1951; x_wconf 86' lang='lat' dir='ltr'>se</span> <span class='ocrx_word' id='word_1_113' title='bbox 1079 1886 1255 1970; x_wconf 88' lang='lat' dir='ltr'>comparati</span> <span class='ocrx_word' id='word_1_114' title='bbox 1285 1883 1364 1949; x_wconf 84' lang='lat' dir='ltr'>nihi]</span> <span class='ocrx_word' id='word_1_115' title='bbox 1390 1881 1441 1948; x_wconf 93' lang='lat' dir='ltr'>de·</span> 
     </span>
     <span class='ocr_line' id='line_1_15' title="bbox 291 1991 1440 2080; baseline 0.005 -31"><span class='ocrx_word' id='word_1_116' title='bbox 291 1993 477 2070; x_wconf 88' lang='lat' dir='ltr'>monstrant,</span> <span class='ocrx_word' id='word_1_117' title='bbox 506 2013 578 2058; x_wconf 88' lang='lat' dir='ltr'>cum</span> <span class='ocrx_word' id='word_1_118' title='bbox 599 1994 777 2074; x_wconf 80' lang='lat' dir='ltr'>exhibeant,</span> <span class='ocrx_word' id='word_1_119' title='bbox 800 2017 882 2078; x_wconf 89' lang='lat' dir='ltr'>quae</span> <span class='ocrx_word' id='word_1_120' title='bbox 903 1995 987 2059; x_wconf 90' lang='lat' dir='ltr'>inter</span> <span class='ocrx_word' id='word_1_121' title='bbox 1006 1995 1141 2060; x_wconf 90' lang='lat' dir='ltr'>usitatas</span> <span class='ocrx_word' id='word_1_122' title='bbox 1151 1995 1173 2080; x_wconf 84' lang='lat'>¹)</span> <span class='ocrx_word' id='word_1_123' title='bbox 1196 1995 1321 2078; x_wconf 84' lang='lat' dir='ltr'>magiae</span> <span class='ocrx_word' id='word_1_124' title='bbox 1344 1991 1440 2058; x_wconf 90' lang='lat' dir='ltr'>caeri-</span> 
     </span>
     <span class='ocr_line' id='line_1_16' title="bbox 291 2097 1437 2188; baseline 0.003 -30"><span class='ocrx_word' id='word_1_125' title='bbox 291 2097 413 2160; x_wconf 88' lang='lat' dir='ltr'>monias</span> <span class='ocrx_word' id='word_1_126' title='bbox 435 2098 506 2179; x_wconf 90' lang='lat' dir='ltr'>sint,</span> <span class='ocrx_word' id='word_1_127' title='bbox 529 2101 625 2184; x_wconf 89' lang='lat' dir='ltr'>idque</span> <span class='ocrx_word' id='word_1_128' title='bbox 643 2124 679 2168; x_wconf 92' lang='lat' dir='ltr'>eo</span> <span class='ocrx_word' id='word_1_129' title='bbox 702 2103 812 2188; x_wconf 88' lang='lat' dir='ltr'>magis,</span> <span class='ocrx_word' id='word_1_130' title='bbox 839 2104 914 2186; x_wconf 93' lang='lat' dir='ltr'>quia</span> <span class='ocrx_word' id='word_1_131' title='bbox 937 2103 1059 2167; x_wconf 86' lang='lat' dir='ltr'>diverso</span> <span class='ocrx_word' id='word_1_132' title='bbox 1077 2102 1172 2166; x_wconf 90' lang='lat' dir='ltr'>modo</span> <span class='ocrx_word' id='word_1_133' title='bbox 1192 2107 1265 2166; x_wconf 89' lang='lat' dir='ltr'>sunt</span> <span class='ocrx_word' id='word_1_134' title='bbox 1280 2097 1437 2165; x_wconf 88' lang='lat' dir='ltr'>exornati:</span> 
     </span>
     <span class='ocr_line' id='line_1_17' title="bbox 289 2201 1435 2292; baseline 0.002 -24"><span class='ocrx_word' id='word_1_135' title='bbox 289 2201 447 2270; x_wconf 86' lang='lat' dir='ltr'>Horatius</span> <span class='ocrx_word' id='word_1_136' title='bbox 475 2207 577 2274; x_wconf 87' lang='lat' dir='ltr'>verbis</span> <span class='ocrx_word' id='word_1_137' title='bbox 604 2210 753 2276; x_wconf 91' lang='lat' dir='ltr'>horridae</span> <span class='ocrx_word' id='word_1_138' title='bbox 780 2211 917 2276; x_wconf 92' lang='lat' dir='ltr'>notionis</span> <span class='ocrx_word' id='word_1_139' title='bbox 943 2211 1050 2275; x_wconf 91' lang='lat' dir='ltr'>electis</span> <span class='ocrx_word' id='word_1_140' title='bbox 1076 2209 1179 2274; x_wconf 91' lang='lat' dir='ltr'>diram</span> <span class='ocrx_word' id='word_1_141' title='bbox 1202 2209 1348 2292; x_wconf 86' lang='lat' dir='ltr'>imaginis</span> <span class='ocrx_word' id='word_1_142' title='bbox 1375 2206 1435 2271; x_wconf 86' lang='lat' dir='ltr'>for·</span> 
     </span>
     <span class='ocr_line' id='line_1_18' title="bbox 290 2315 1354 2416; baseline 0.007 -40"><span class='ocrx_word' id='word_1_143' title='bbox 290 2333 375 2377; x_wconf 91' lang='lat' dir='ltr'>mam</span> <span class='ocrx_word' id='word_1_144' title='bbox 393 2323 498 2399; x_wconf 89' lang='lat' dir='ltr'>auget,</span> <span class='ocrx_word' id='word_1_145' title='bbox 518 2315 688 2416; x_wconf 71' lang='lat' dir='ltr'>Luciacus,</span> <span class='ocrx_word' id='word_1_146' title='bbox 710 2325 792 2403; x_wconf 90' lang='lat' dir='ltr'>quae</span> <span class='ocrx_word' id='word_1_147' title='bbox 815 2321 877 2384; x_wconf 90' lang='lat' dir='ltr'>sint</span> <span class='ocrx_word' id='word_1_148' title='bbox 898 2324 1022 2402; x_wconf 87' lang='lat' dir='ltr'>parata,</span> <span class='ocrx_word' id='word_1_149' title='bbox 1044 2319 1227 2403; x_wconf 88' lang='lat' dir='ltr'>simpliciter</span> <span class='ocrx_word' id='word_1_150' title='bbox 1244 2316 1354 2383; x_wconf 87' lang='lat' dir='ltr'>refert.</span> 
     </span>
    </p>
   </div>
   <div class='ocr_carea' id='block_1_5' title="bbox 284 2443 1441 4150">
    <p class='ocr_par' dir='ltr' id='par_1_6' title="bbox 285 2443 1441 3593">
     <span class='ocr_line' id='line_1_19' title="bbox 392 2443 1441 2534; baseline -0.001 -25"><span class='ocrx_word' id='word_1_151' title='bbox 392 2443 455 2528; x_wconf 75' lang='lat' dir='ltr'>Qui</span> <span class='ocrx_word' id='word_1_152' title='bbox 485 2455 659 2530; x_wconf 88' lang='lat' dir='ltr'>sequuntur</span> <span class='ocrx_word' id='word_1_153' title='bbox 680 2449 741 2516; x_wconf 91' lang='lat' dir='ltr'>loci</span> <span class='ocrx_word' id='word_1_154' title='bbox 762 2450 845 2514; x_wconf 91' lang='lat' dir='ltr'>hanc</span> <span class='ocrx_word' id='word_1_155' title='bbox 868 2448 1071 2514; x_wconf 85' lang='lat' dir='ltr'>offensionem</span> <span class='ocrx_word' id='word_1_156' title='bbox 1092 2448 1262 2534; x_wconf 88' lang='lat' dir='ltr'>praebent,</span> <span class='ocrx_word' id='word_1_157' title='bbox 1297 2445 1383 2530; x_wconf 90' lang='lat' dir='ltr'>quod</span> <span class='ocrx_word' id='word_1_158' title='bbox 1405 2449 1441 2509; x_wconf 93' lang='lat' dir='ltr'>ut</span> 
     </span>
     <span class='ocr_line' id='line_1_20' title="bbox 290 2547 1441 2638; baseline 0.005 -26"><span class='ocrx_word' id='word_1_159' title='bbox 290 2547 452 2617; x_wconf 86' lang='lat' dir='ltr'>Luciacus</span> <span class='ocrx_word' id='word_1_160' title='bbox 486 2554 631 2622; x_wconf 81' lang='lat' dir='ltr'>Hecaten</span> <span class='ocrx_word' id='word_1_161' title='bbox 658 2564 689 2622; x_wconf 92' lang='lat' dir='ltr'>et</span> <span class='ocrx_word' id='word_1_162' title='bbox 717 2557 843 2638; x_wconf 80' lang='lat' dir='ltr'>Furias,</span> <span class='ocrx_word' id='word_1_163' title='bbox 875 2559 922 2624; x_wconf 88' lang='lat' dir='ltr'>ita</span> <span class='ocrx_word' id='word_1_164' title='bbox 949 2549 1107 2623; x_wconf 88' lang='lat' dir='ltr'>Horatius</span> <span class='ocrx_word' id='word_1_165' title='bbox 1133 2556 1280 2620; x_wconf 82' lang='lat' dir='ltr'>Hecaten</span> <span class='ocrx_word' id='word_1_166' title='bbox 1309 2561 1341 2620; x_wconf 92' lang='lat' dir='ltr'>et</span> <span class='ocrx_word' id='word_1_167' title='bbox 1361 2552 1441 2619; x_wconf 80' lang='lat' dir='ltr'>Tisi-</span> 
     </span>
     <span class='ocr_line' id='line_1_21' title="bbox 289 2658 1440 2749; baseline 0.003 -27"><span class='ocrx_word' id='word_1_168' title='bbox 289 2658 426 2742; x_wconf 91' lang='lat' dir='ltr'>phonen,</span> <span class='ocrx_word' id='word_1_169' title='bbox 449 2684 545 2728; x_wconf 90' lang='lat' dir='ltr'>unam</span> <span class='ocrx_word' id='word_1_170' title='bbox 567 2665 714 2745; x_wconf 86' lang='lat' dir='ltr'>eFuriis,</span> <span class='ocrx_word' id='word_1_171' title='bbox 736 2667 876 2731; x_wconf 86' lang='lat' dir='ltr'>invocari</span> <span class='ocrx_word' id='word_1_172' title='bbox 898 2665 997 2749; x_wconf 90' lang='lat' dir='ltr'>fingit,</span> <span class='ocrx_word' id='word_1_173' title='bbox 1019 2687 1090 2730; x_wconf 90' lang='lat' dir='ltr'>cum</span> <span class='ocrx_word' id='word_1_174' title='bbox 1112 2666 1145 2729; x_wconf 94' lang='lat' dir='ltr'>in</span> <span class='ocrx_word' id='word_1_175' title='bbox 1167 2663 1306 2749; x_wconf 79' lang='lat' dir='ltr'>ceteris2)</span> <span class='ocrx_word' id='word_1_176' title='bbox 1328 2663 1440 2728; x_wconf 92' lang='lat' dir='ltr'>oarmi·</span> 
     </span>
     <span class='ocr_line' id='line_1_22' title="bbox 286 2766 1440 2857; baseline 0.003 -28"><span class='ocrx_word' id='word_1_177' title='bbox 286 2766 379 2832; x_wconf 89' lang='lat' dir='ltr'>nibus</span> <span class='ocrx_word' id='word_1_178' title='bbox 399 2771 541 2852; x_wconf 87' lang='lat' dir='ltr'>magicis,</span> <span class='ocrx_word' id='word_1_179' title='bbox 566 2775 708 2856; x_wconf 88' lang='lat' dir='ltr'>quamvis</span> <span class='ocrx_word' id='word_1_180' title='bbox 728 2773 855 2839; x_wconf 90' lang='lat' dir='ltr'>Hecate</span> <span class='ocrx_word' id='word_1_181' title='bbox 877 2773 1072 2857; x_wconf 88' lang='lat' dir='ltr'>imploretur,</span> <span class='ocrx_word' id='word_1_182' title='bbox 1095 2793 1158 2836; x_wconf 96' lang='lat' dir='ltr'>non</span> <span class='ocrx_word' id='word_1_183' title='bbox 1174 2771 1312 2836; x_wconf 87' lang='lat' dir='ltr'>addatur</span> <span class='ocrx_word' id='word_1_184' title='bbox 1326 2769 1440 2834; x_wconf 84' lang='lat' dir='ltr'>Furia·</span> 
     </span>
     <span class='ocr_line' id='line_1_23' title="bbox 290 2877 1439 2964; baseline 0 -24"><span class='ocrx_word' id='word_1_185' title='bbox 290 2896 360 2940; x_wconf 90' lang='lat' dir='ltr'>rum</span> <span class='ocrx_word' id='word_1_186' title='bbox 375 2877 543 2948; x_wconf 82' lang='lat' dir='ltr'>invocatio.</span> <span class='ocrx_word' id='word_1_187' title='bbox 589 2878 654 2945; x_wconf 84' lang='lat' dir='ltr'>Sed</span> <span class='ocrx_word' id='word_1_188' title='bbox 678 2902 718 2946; x_wconf 89' lang='lat' dir='ltr'>ne</span> <span class='ocrx_word' id='word_1_189' title='bbox 740 2881 801 2944; x_wconf 93' lang='lat' dir='ltr'>hoc</span> <span class='ocrx_word' id='word_1_190' title='bbox 815 2880 943 2964; x_wconf 90' lang='lat' dir='ltr'>quidem</span> <span class='ocrx_word' id='word_1_191' title='bbox 960 2881 1114 2964; x_wconf 86' lang='lat' dir='ltr'>gravioris</span> <span class='ocrx_word' id='word_1_192' title='bbox 1129 2879 1280 2944; x_wconf 91' lang='lat' dir='ltr'>momenti</span> <span class='ocrx_word' id='word_1_193' title='bbox 1295 2882 1351 2958; x_wconf 90' lang='lat' dir='ltr'>est,</span> <span class='ocrx_word' id='word_1_194' title='bbox 1368 2897 1439 2940; x_wconf 89' lang='lat' dir='ltr'>cum</span> 
     </span>
     <span class='ocr_line' id='line_1_24' title="bbox 286 2980 1439 3070; baseline 0.001 -24"><span class='ocrx_word' id='word_1_195' title='bbox 286 2981 447 3050; x_wconf 77' lang='lat' dir='ltr'>Lucienus</span> <span class='ocrx_word' id='word_1_196' title='bbox 465 2985 630 3070; x_wconf 81' lang='grc' dir='ltr'><em>,δαίμονας</em></span> <span class='ocrx_word' id='word_1_197' title='bbox 645 2985 728 3070; x_wconf 84' lang='grc' dir='ltr'><em>ὁμοῦ</em></span> <span class='ocrx_word' id='word_1_198' title='bbox 744 2980 888 3065; x_wconf 79' lang='grc' dir='ltr'>πάντος’,</span> <span class='ocrx_word' id='word_1_199' title='bbox 913 2989 968 3070; x_wconf 92' lang='lat' dir='ltr'>qui</span> <span class='ocrx_word' id='word_1_200' title='bbox 982 2989 1015 3052; x_wconf 94' lang='lat' dir='ltr'>in</span> <span class='ocrx_word' id='word_1_201' title='bbox 1032 2987 1150 3052; x_wconf 88' lang='lat' dir='ltr'>talibus</span> <span class='ocrx_word' id='word_1_202' title='bbox 1172 2985 1332 3050; x_wconf 88' lang='lat' dir='ltr'>sacrificiis</span> <span class='ocrx_word' id='word_1_203' title='bbox 1353 2985 1439 3048; x_wconf 87' lang='lat' dir='ltr'>invo-</span> 
     </span>
     <span class='ocr_line' id='line_1_25' title="bbox 286 3090 1438 3180; baseline 0.002 -26"><span class='ocrx_word' id='word_1_204' title='bbox 286 3092 352 3154; x_wconf 91' lang='lat' dir='ltr'>cari</span> <span class='ocrx_word' id='word_1_205' title='bbox 373 3097 531 3176; x_wconf 89' lang='lat' dir='ltr'>poterant,</span> <span class='ocrx_word' id='word_1_206' title='bbox 555 3095 616 3174; x_wconf 87' lang='grc' dir='ltr'><strong>,καὶ</strong></span> <span class='ocrx_word' id='word_1_207' title='bbox 638 3090 762 3172; x_wconf 84' lang='grc' dir='ltr'><em>Ποινὰς</em></span> <span class='ocrx_word' id='word_1_208' title='bbox 784 3097 837 3160; x_wconf 81' lang='grc' dir='ltr'>καὶ</span> <span class='ocrx_word' id='word_1_209' title='bbox 860 3090 1005 3178; x_wconf 78' lang='grc' dir='ltr'><em>Ἐρινύας</em></span> <span class='ocrx_word' id='word_1_210' title='bbox 1027 3095 1079 3160; x_wconf 83' lang='grc' dir='ltr'>καὶ</span> <span class='ocrx_word' id='word_1_211' title='bbox 1089 3090 1229 3180; x_wconf 75' lang='grc' dir='ltr'><em>Ἑκάτην</em></span> <span class='ocrx_word' id='word_1_212' title='bbox 1251 3094 1304 3158; x_wconf 82' lang='grc' dir='ltr'>καὶ</span> <span class='ocrx_word' id='word_1_213' title='bbox 1322 3095 1438 3176; x_wconf 80' lang='grc' dir='ltr'><em>Περσε-</em></span> 
     </span>
     <span class='ocr_line' id='line_1_26' title="bbox 286 3191 1438 3287; baseline -0.001 -23"><span class='ocrx_word' id='word_1_214' title='bbox 286 3191 433 3280; x_wconf 65' lang='grc' dir='ltr'>φόνειανί</span> <span class='ocrx_word' id='word_1_215' title='bbox 463 3202 514 3266; x_wconf 91' lang='lat' dir='ltr'>hic</span> <span class='ocrx_word' id='word_1_216' title='bbox 549 3205 789 3268; x_wconf 84' lang='lat' dir='ltr'>enumeraverit.</span> <span class='ocrx_word' id='word_1_217' title='bbox 845 3203 963 3287; x_wconf 88' lang='lat' dir='ltr'>Itaque</span> <span class='ocrx_word' id='word_1_218' title='bbox 1001 3205 1027 3268; x_wconf 90' lang='lat' dir='ltr'>si</span> <span class='ocrx_word' id='word_1_219' title='bbox 1059 3204 1224 3282; x_wconf 89' lang='lat' dir='ltr'>Horatius,</span> <span class='ocrx_word' id='word_1_220' title='bbox 1258 3200 1344 3286; x_wconf 87' lang='lat' dir='ltr'>quod</span> <span class='ocrx_word' id='word_1_221' title='bbox 1374 3221 1438 3265; x_wconf 93' lang='lat' dir='ltr'>non</span> 
     </span>
     <span class='ocr_line' id='line_1_27' title="bbox 285 3307 1437 3392; baseline 0.002 -22"><span class='ocrx_word' id='word_1_222' title='bbox 285 3307 401 3372; x_wconf 91' lang='lat' dir='ltr'>mirum</span> <span class='ocrx_word' id='word_1_223' title='bbox 423 3314 484 3388; x_wconf 89' lang='lat' dir='ltr'>est,</span> <span class='ocrx_word' id='word_1_224' title='bbox 518 3316 646 3392; x_wconf 89' lang='lat' dir='ltr'>praeter</span> <span class='ocrx_word' id='word_1_225' title='bbox 667 3310 815 3376; x_wconf 91' lang='lat' dir='ltr'>Hecaten</span> <span class='ocrx_word' id='word_1_226' title='bbox 838 3311 973 3376; x_wconf 88' lang='lat' dir='ltr'>alteram</span> <span class='ocrx_word' id='word_1_227' title='bbox 1001 3311 1094 3376; x_wconf 90' lang='lat' dir='ltr'>deam</span> <span class='ocrx_word' id='word_1_228' title='bbox 1127 3311 1291 3375; x_wconf 91' lang='lat' dir='ltr'>nominare</span> <span class='ocrx_word' id='word_1_229' title='bbox 1324 3310 1437 3375; x_wconf 89' lang='lat' dir='ltr'>eonsti-</span> 
     </span>
     <span class='ocr_line' id='line_1_28' title="bbox 285 3417 1437 3504; baseline 0.003 -26"><span class='ocrx_word' id='word_1_230' title='bbox 285 3421 402 3498; x_wconf 87' lang='lat' dir='ltr'>tuerat,</span> <span class='ocrx_word' id='word_1_231' title='bbox 426 3417 567 3497; x_wconf 88' lang='lat' dir='ltr'>eandem,</span> <span class='ocrx_word' id='word_1_232' title='bbox 601 3439 699 3501; x_wconf 87' lang='lat' dir='ltr'>quam</span> <span class='ocrx_word' id='word_1_233' title='bbox 726 3418 889 3484; x_wconf 86' lang='lat' dir='ltr'>Lucianus</span> <span class='ocrx_word' id='word_1_234' title='bbox 919 3420 1145 3498; x_wconf 86' lang='lat' dir='ltr'>nominaverat,</span> <span class='ocrx_word' id='word_1_235' title='bbox 1176 3419 1281 3504; x_wconf 91' lang='lat' dir='ltr'>ipsum</span> <span class='ocrx_word' id='word_1_236' title='bbox 1311 3438 1437 3501; x_wconf 89' lang='lat' dir='ltr'>quoque</span> 
     </span>
     <span class='ocr_line' id='line_1_29' title="bbox 285 3525 700 3593; baseline 0.012 -6"><span class='ocrx_word' id='word_1_237' title='bbox 285 3525 450 3590; x_wconf 88' lang='lat' dir='ltr'>nominare</span> <span class='ocrx_word' id='word_1_238' title='bbox 472 3547 599 3591; x_wconf 89' lang='lat' dir='ltr'>necesse</span> <span class='ocrx_word' id='word_1_239' title='bbox 622 3532 700 3593; x_wconf 89' lang='lat' dir='ltr'>erat.</span> 
     </span>
    </p>

    <p class='ocr_par' dir='ltr' id='par_1_7' title="bbox 284 3631 1438 4150">
     <span class='ocr_line' id='line_1_30' title="bbox 388 3631 1436 3718; baseline -0.003 -20"><span class='ocrx_word' id='word_1_240' title='bbox 388 3633 496 3699; x_wconf 82' lang='lat' dir='ltr'>Etiam</span> <span class='ocrx_word' id='word_1_241' title='bbox 509 3655 588 3717; x_wconf 94' lang='lat' dir='ltr'>quos</span> <span class='ocrx_word' id='word_1_242' title='bbox 600 3633 713 3699; x_wconf 89' lang='lat' dir='ltr'>deinde</span> <span class='ocrx_word' id='word_1_243' title='bbox 725 3635 885 3718; x_wconf 91' lang='lat' dir='ltr'>componit</span> <span class='ocrx_word' id='word_1_244' title='bbox 896 3633 992 3716; x_wconf 77' lang='lat' dir='ltr'>locoS,</span> <span class='ocrx_word' id='word_1_245' title='bbox 1004 3631 1436 3699; x_wconf 78' lang='lat' dir='ltr'>iniuriaHerm.Fritzschius</span> 
     </span>
     <span class='ocr_line' id='line_1_31' title="bbox 284 3737 1438 3825; baseline -0.003 -21"><span class='ocrx_word' id='word_1_246' title='bbox 284 3740 432 3806; x_wconf 89' lang='lat' dir='ltr'>insnum</span> <span class='ocrx_word' id='word_1_247' title='bbox 463 3763 555 3807; x_wconf 89' lang='lat' dir='ltr'>usum</span> <span class='ocrx_word' id='word_1_248' title='bbox 585 3742 746 3808; x_wconf 85' lang='lat' dir='ltr'>convertit.</span> <span class='ocrx_word' id='word_1_249' title='bbox 791 3741 981 3825; x_wconf 89' lang='lat' dir='ltr'>Ubicunque</span> <span class='ocrx_word' id='word_1_250' title='bbox 994 3745 1017 3822; x_wconf 78' lang='lat'>³)</span> <span class='ocrx_word' id='word_1_251' title='bbox 1040 3741 1123 3806; x_wconf 91' lang='lat' dir='ltr'>enim</span> <span class='ocrx_word' id='word_1_252' title='bbox 1154 3745 1268 3824; x_wconf 89' lang='lat' dir='ltr'>poetae</span> <span class='ocrx_word' id='word_1_253' title='bbox 1290 3737 1438 3803; x_wconf 87' lang='lat' dir='ltr'>effectum</span> 
     </span>
     <span class='ocr_line' id='line_1_32' title="bbox 285 3844 1436 3934; baseline -0.004 -22"><span class='ocrx_word' id='word_1_254' title='bbox 285 3850 434 3916; x_wconf 88' lang='lat' dir='ltr'>carminis</span> <span class='ocrx_word' id='word_1_255' title='bbox 447 3851 563 3934; x_wconf 84' lang='lat' dir='ltr'>magici</span> <span class='ocrx_word' id='word_1_256' title='bbox 579 3855 611 3916; x_wconf 88' lang='lat' dir='ltr'>et</span> <span class='ocrx_word' id='word_1_257' title='bbox 626 3849 704 3915; x_wconf 82' lang='lat' dir='ltr'>deae</span> <span class='ocrx_word' id='word_1_258' title='bbox 715 3849 905 3934; x_wconf 88' lang='lat' dir='ltr'>imploratae</span> <span class='ocrx_word' id='word_1_259' title='bbox 917 3849 1087 3914; x_wconf 84' lang='lat' dir='ltr'>adventurn</span> <span class='ocrx_word' id='word_1_260' title='bbox 1099 3847 1291 3928; x_wconf 88' lang='lat' dir='ltr'>describunt,</span> <span class='ocrx_word' id='word_1_261' title='bbox 1308 3844 1436 3910; x_wconf 88' lang='lat' dir='ltr'>easdem</span> 
     </span>
     <span class='ocr_line' id='line_1_33' title="bbox 287 3955 1435 4042; baseline -0.002 -22"><span class='ocrx_word' id='word_1_262' title='bbox 287 3957 429 4022; x_wconf 89' lang='lat' dir='ltr'>rationes</span> <span class='ocrx_word' id='word_1_263' title='bbox 451 3957 626 4042; x_wconf 90' lang='lat' dir='ltr'>eademque</span> <span class='ocrx_word' id='word_1_264' title='bbox 640 3956 748 4040; x_wconf 84' lang='lat' dir='ltr'>verba,</span> <span class='ocrx_word' id='word_1_265' title='bbox 771 3958 885 4041; x_wconf 89' lang='lat' dir='ltr'>quibus</span> <span class='ocrx_word' id='word_1_266' title='bbox 900 3958 1057 4023; x_wconf 90' lang='lat' dir='ltr'>Horatius</span> <span class='ocrx_word' id='word_1_267' title='bbox 1072 3963 1104 4023; x_wconf 89' lang='lat' dir='ltr'>et</span> <span class='ocrx_word' id='word_1_268' title='bbox 1117 3955 1279 4022; x_wconf 81' lang='lat' dir='ltr'>Lucienus</span> <span class='ocrx_word' id='word_1_269' title='bbox 1293 3955 1342 4020; x_wconf 91' lang='lat' dir='ltr'>usi</span> <span class='ocrx_word' id='word_1_270' title='bbox 1353 3959 1435 4035; x_wconf 91' lang='lat' dir='ltr'>sunt,</span> 
     </span>
     <span class='ocr_line' id='line_1_34' title="bbox 286 4063 1435 4150; baseline 0 -23"><span class='ocrx_word' id='word_1_271' title='bbox 286 4063 448 4132; x_wconf 89' lang='lat' dir='ltr'>adhibent.</span> <span class='ocrx_word' id='word_1_272' title='bbox 470 4065 587 4150; x_wconf 89' lang='lat' dir='ltr'>Itaque</span> <span class='ocrx_word' id='word_1_273' title='bbox 608 4073 729 4132; x_wconf 90' lang='lat' dir='ltr'>certam</span> <span class='ocrx_word' id='word_1_274' title='bbox 752 4067 913 4150; x_wconf 88' lang='lat' dir='ltr'>quandam</span> <span class='ocrx_word' id='word_1_275' title='bbox 928 4089 1072 4132; x_wconf 91' lang='lat' dir='ltr'>normam</span> <span class='ocrx_word' id='word_1_276' title='bbox 1087 4067 1169 4131; x_wconf 90' lang='lat' dir='ltr'>illius</span> <span class='ocrx_word' id='word_1_277' title='bbox 1184 4063 1330 4148; x_wconf 86' lang='lat' dir='ltr'>imaginis</span> <span class='ocrx_word' id='word_1_278' title='bbox 1348 4084 1435 4128; x_wconf 81' lang='lat' dir='ltr'>exor-</span> 
     </span>
    </p>
   </div>
   <div class='ocr_carea' id='block_1_6' title="bbox 386 4273 1392 4530">
    <p class='ocr_par' dir='ltr' id='par_1_8' title="bbox 386 4273 1392 4530">
     <span class='ocr_line' id='line_1_35' title="bbox 389 4273 1353 4346; baseline -0.005 -16"><span class='ocrx_word' id='word_1_279' title='bbox 389 4275 409 4346; x_wconf 86' lang='lat'>¹)</span> <span class='ocrx_word' id='word_1_280' title='bbox 430 4275 462 4330; x_wconf 79' lang='lat' dir='ltr'>cf,</span> <span class='ocrx_word' id='word_1_281' title='bbox 480 4275 557 4332; x_wconf 89' lang='lat' dir='ltr'>Hom.</span> <span class='ocrx_word' id='word_1_282' title='bbox 575 4275 624 4332; x_wconf 91' lang='lat' dir='ltr'>Od.</span> <span class='ocrx_word' id='word_1_283' title='bbox 638 4276 678 4330; x_wconf 89' lang='lat' dir='ltr'>XI</span> <span class='ocrx_word' id='word_1_284' title='bbox 697 4277 738 4341; x_wconf 87' lang='lat'>35,</span> <span class='ocrx_word' id='word_1_285' title='bbox 757 4275 797 4340; x_wconf 87' lang='grc'><strong>36,</strong></span> <span class='ocrx_word' id='word_1_286' title='bbox 817 4275 849 4330; x_wconf 89' lang='lat' dir='ltr'>de</span> <span class='ocrx_word' id='word_1_287' title='bbox 868 4275 895 4330; x_wconf 86' lang='lat' dir='ltr'>lo</span> <span class='ocrx_word' id='word_1_288' title='bbox 913 4275 996 4330; x_wconf 81' lang='lat' dir='ltr'>Corda</span> <span class='ocrx_word' id='word_1_289' title='bbox 1014 4275 1047 4330; x_wconf 87' lang='lat' dir='ltr'>ad</span> <span class='ocrx_word' id='word_1_290' title='bbox 1066 4278 1141 4346; x_wconf 82' lang='lat' dir='ltr'>Verg.</span> <span class='ocrx_word' id='word_1_291' title='bbox 1159 4276 1223 4329; x_wconf 83' lang='lat' dir='ltr'>Aen.</span> <span class='ocrx_word' id='word_1_292' title='bbox 1242 4275 1277 4326; x_wconf 88' lang='lat' dir='ltr'>VI</span> <span class='ocrx_word' id='word_1_293' title='bbox 1295 4273 1353 4326; x_wconf 84' lang='grc'><strong>243.</strong></span> 
     </span>
     <span class='ocr_line' id='line_1_36' title="bbox 388 4363 1392 4436; baseline 0 -18"><span class='ocrx_word' id='word_1_294' title='bbox 388 4364 408 4434; x_wconf 73' lang='lat'>⁹)</span> <span class='ocrx_word' id='word_1_295' title='bbox 428 4365 536 4420; x_wconf 85' lang='lat' dir='ltr'>Tncocr.</span> <span class='ocrx_word' id='word_1_296' title='bbox 553 4365 580 4418; x_wconf 95' lang='lat' dir='ltr'>II</span> <span class='ocrx_word' id='word_1_297' title='bbox 599 4365 638 4430; x_wconf 95' lang='grc'><strong>12,</strong></span> <span class='ocrx_word' id='word_1_298' title='bbox 658 4367 735 4436; x_wconf 87' lang='lat' dir='ltr'>Verg.</span> <span class='ocrx_word' id='word_1_299' title='bbox 762 4363 832 4420; x_wconf 87' lang='lat' dir='ltr'>Aen.</span> <span class='ocrx_word' id='word_1_300' title='bbox 851 4367 888 4420; x_wconf 92' lang='lat' dir='ltr'>IV</span> <span class='ocrx_word' id='word_1_301' title='bbox 908 4367 966 4432; x_wconf 87' lang='grc'><strong>511,</strong></span> <span class='ocrx_word' id='word_1_302' title='bbox 985 4367 1022 4421; x_wconf 84' lang='lat' dir='ltr'>VI</span> <span class='ocrx_word' id='word_1_303' title='bbox 1039 4367 1096 4432; x_wconf 82' lang='grc'><strong>246,</strong></span> <span class='ocrx_word' id='word_1_304' title='bbox 1115 4365 1162 4421; x_wconf 85' lang='lat' dir='ltr'>Ov.</span> <span class='ocrx_word' id='word_1_305' title='bbox 1181 4365 1244 4419; x_wconf 87' lang='lat' dir='ltr'>Met.</span> <span class='ocrx_word' id='word_1_306' title='bbox 1266 4363 1317 4419; x_wconf 86' lang='lat' dir='ltr'>vll</span> <span class='ocrx_word' id='word_1_307' title='bbox 1336 4363 1392 4418; x_wconf 88' lang='grc'><strong>194.</strong></span> 
     </span>
     <span class='ocr_line' id='line_1_37' title="bbox 386 4453 1261 4530; baseline 0.002 -20"><span class='ocrx_word' id='word_1_308' title='bbox 386 4453 407 4526; x_wconf 78' lang='lat'>³)</span> <span class='ocrx_word' id='word_1_309' title='bbox 425 4453 532 4514; x_wconf 78' lang='lat' dir='ltr'>Theoor.</span> <span class='ocrx_word' id='word_1_310' title='bbox 551 4455 584 4511; x_wconf 94' lang='grc' dir='ltr'>ΙΙ.</span> <span class='ocrx_word' id='word_1_311' title='bbox 603 4457 644 4523; x_wconf 89' lang='grc'><strong>35,</strong></span> <span class='ocrx_word' id='word_1_312' title='bbox 661 4457 737 4530; x_wconf 81' lang='lat' dir='ltr'>Verg.</span> <span class='ocrx_word' id='word_1_313' title='bbox 756 4458 820 4514; x_wconf 78' lang='lat' dir='ltr'>Aen.</span> <span class='ocrx_word' id='word_1_314' title='bbox 840 4457 876 4512; x_wconf 88' lang='lat' dir='ltr'>VI</span> <span class='ocrx_word' id='word_1_315' title='bbox 894 4457 952 4524; x_wconf 87' lang='grc'><strong>256,</strong></span> <span class='ocrx_word' id='word_1_316' title='bbox 971 4455 1018 4514; x_wconf 88' lang='lat' dir='ltr'>Ov.</span> <span class='ocrx_word' id='word_1_317' title='bbox 1038 4457 1101 4513; x_wconf 88' lang='lat' dir='ltr'>Met.</span> <span class='ocrx_word' id='word_1_318' title='bbox 1121 4457 1185 4512; x_wconf 88' lang='lat' dir='ltr'>XIV</span> <span class='ocrx_word' id='word_1_319' title='bbox 1203 4455 1261 4512; x_wconf 88' lang='grc'><strong>416.</strong></span> 
     </span>
    </p>
   </div>
   <div class='ocr_carea' id='block_1_7' title="bbox 0 0 1658 4926">
    <p class='ocr_par' dir='ltr' id='par_1_9' title="bbox 0 0 1658 4926">
     <span class='ocr_line' id='line_1_38' title="bbox 0 0 1658 4926; baseline 0 3"><span class='ocrx_word' id='word_1_320' title='bbox 0 0 1658 4926; x_wconf 95' lang='lat' dir='ltr'> </span> 
     </span>
    </p>
   </div>
  </div>
 </body>
</html>
