3306 4926
607 366 882 430 ·-ae..

298 539 423 620 Restat,
455 545 491 606 ut
514 537 734 605 similitudines
757 537 798 604 ab
823 537 1008 604 Heinrichic
1038 535 1153 604 allatas
1175 543 1352 621 perscrute-

89 657 93 664 “
198 671 276 714 mur.
322 647 419 734 Quas·
443 669 638 734 quamquam
667 648 719 714 ille
750 670 787 714 eo
819 645 950 714 consilio
983 646 1104 726 attulit,
1143 651 1181 712 ut
1212 645 1353 712 Horatio

197 757 375 824 Lucienum
400 779 500 826 usum¹
519 778 588 822 esse
616 756 858 838 demonstraret,
888 759 996 822 111111
1022 753 1114 820 nobis
1138 747 1352 840 neglegendas

197 889 260 932 non
281 887 351 932 esse
370 855 462 951 puto,
497 867 572 951 quia
593 865 662 931 fieri
681 869 802 948 potest,
835 869 872 928 11
897 864 1013 929 harum
1033 863 1066 928 in
1089 885 1220 931 numero
1242 864 1351 950 aliqua

198 977 249 1058 sit,
272 996 355 1059 quae
377 974 420 1040 ad
440 973 629 1058 Menippum
650 995 708 1039 nos
729 978 863 1040 revocet.
912 972 1045 1040 Omissis
1068 973 1165 1058 igitur
1185 973 1224 1039 iis
1245 971 1352 1052 rebus,

197 1085 237 1150 de
260 1081 375 1168 quibhs
397 1083 465 1168 jam
488 1083 608 1148 dietum
631 1087 688 1158 est,
710 1081 771 1146 hae
791 1087 973 1165 supersunt:

298 1192 417 1258 Horat.
440 1197 499 1260 111.
525 1191 546 1258 Ι
576 1193 612 1273 3,
643 1194 700 1256 25:
737 1187 830 1272 ,Cum
859 1195 917 1255 tua
945 1188 1112 1273 pervideas
1141 1189 1239 1256 oeulis
1267 1190 1353 1278 male

198 1299 301 1385 lippus
321 1303 481 1383 inunctis,
504 1300 584 1366 Luc.
608 1299 689 1367 Tim.
712 1297 910 1378 1111111,
941 1300 995 1382 qui
1019 1306 1087 1366 tam
1116 1299 1170 1364 diu
1189 1299 1354 1366 hominum

198 1409 353 1476 maleficia
381 1411 537 1494 impunita
569 1429 638 1474 esse
667 1407 762 1485 sinat,
796 1408 908 1496 ,λημᾷς
932 1408 986 1472 καὶ
1017 1401 1241 1493 ἀμβλυώττεις
1269 1402 1354 1493 πρὸς

197 1514 237 1582 τὰ
259 1512 453 1604 γιγνόμεναι.
492 1518 517 1582 J
519 1538 632 1583 ocosae
654 1515 824 1583 elocutioni
845 1515 959 1600 ,lippus
982 1518 1024 1582 es‘
1046 1538 1106 1600 pro
1124 1517 1257 1602 simplici
1279 1538 1353 1596 ,non

196 1627 303 1708 vides‘,
335 1626 375 1691 ab
398 1631 534 1710 utroque
556 1630 740 1714 usurpatae,
769 1623 848 1688 nihil
871 1623 1076 1690 tribuendum
1095 1629 1152 1706 est,
1184 1625 1259 1709 quia
1286 1647 1351 1690 om·

196 1737 284 1800 nium
307 1736 499 1800 comicorum
522 1739 556 1799 et
578 1734 778 1799 satiricorum
796 1752 835 1797 ea
849 1733 980 1816 propria
1002 1740 1058 1800 est.
1103 1732 1351 1818 11111111.

196 1843 366 1922 1111327,
396 1837 603 1922 Ρ111.179,
634 1839 713 1906 Luc.
735 1839 805 1907 adv.
826 1839 943 1932 indoct.
971 1843 1022 1908 23.
1073 1839 1185 1925 Atque
1211 1840 1351 1906 Horatio

196 1975 233 2018 eo
256 1951 381 2016 facilius
408 1951 488 2015 haec
516 1949 594 2035 lippi
616 1949 723 2033 imago
745 1949 778 2014 11
807 1955 945 2015 mentem
976 1951 1082 2015 venire
1110 1956 1248 2034 poterat,
1277 1952 1353 2035 quia
1385 1921 1390 1948 ι

194 2061 262 2144 ipse
283 2058 472 2143 lippitudine
495 2055 628 2123 affectus
654 2062 733 2124 erat.
778 2056 873 2142 Quod
895 2057 1109 2142 Kiesslingius
1134 2059 1177 2124 ad
1203 2059 1234 2124 h.
1253 2059 1272 2126 l.
1296 2059 1351 2124 ad-

194 2173 294 2247 notat,
325 2167 500 2232 Horatium
522 2187 630 2232 versus
656 2166 768 2232 comici
788 2165 908 2234 Graeci
939 2165 1104 2232 cuiusdam
1134 2187 1154 2231 a
1175 2167 1351 2233 Plutarcho

195 2297 230 2341 π.
250 2277 453 2356 πολυαραγμ.
482 2279 511 2354 1,
540 2297 575 2339 a.
603 2269 763 2358 εὐθυμίας
790 2279 809 2338 8
840 2274 954 2340 allatos
982 2274 1022 2355 ,ri
1050 2267 1256 2360 τάλλότριον,
1296 2270 1351 2341 ἄυ-

195 2385 314 2464 siccone
327 2373 570 2463 βασκανώτατε,
595 2378 698 2448 κακὸν
714 2376 912 2467 ὀξυδορκεῖς,
935 2377 974 2446 τὸ
989 2380 1103 2447 δ’ἴδιον
1122 2383 1351 2468 παραβλέπειςῖ

195 2488 336 2570 vertisse,
370 2507 429 2572 ego
451 2508 515 2552 non
536 2488 647 2572 probo.
692 2489 779 2554 Nam
807 2511 987 2573 consensus,
1017 2492 1351 2576 praeterquamquod

193 2594 293 2662 verba
310 2589 524 2678 ,ὀξυδορκεῖν
539 2602 571 2661 11
586 2602 726 2679 ,acutum
742 2603 889 2677 cernere‘,
907 2619 990 2682 quae
1005 2599 1076 2682 ipsa
1092 2620 1143 2664 res
1157 2599 1352 2682 postulabat,

194 2704 277 2768 inter
294 2723 328 2771 se
348 2702 549 2786 respondent,
567 2705 601 2768 11
619 2705 776 2771 sententia
793 2705 890 2773 modo
909 2707 1001 2790 inest,
1022 2724 1105 2792 quae
1121 2706 1261 2773 Horatio
1279 2709 1350 2792 ipsa

195 2813 261 2877 vita
283 2811 506 2896 suppeditante
527 2818 606 2878 nota
628 2817 707 2878 1111.

297 2917 413 2986 Horat.
431 2925 489 2986 sat.
505 2919 543 2984 Π
562 2921 592 3002 2,
613 2922 664 2999 98,
682 2922 739 2984 99;
764 2920 856 2998 ,derit
872 2923 977 3006 egenti
992 2922 1050 3002 As,
1071 2923 1177 3006 laquei
1191 2923 1348 3007 pretium,

193 3029 272 3096 Luc.
303 3029 384 3097 rim.
410 3033 452 3096 20
482 3030 592 3113 ,εἰπεῖν
620 3029 782 3116 ἔχοιμι...
814 3026 891 3100 midi
919 3027 1050 3116 ὄβολου,
1082 3025 1164 3110 nigre
1189 3034 1349 3118 sepisculae

195 3130 325 3220 βρόχον,
347 3132 542 3224 ἐσχηκόταςζ.
585 3139 792 3206 Proverbiale
814 3143 1013 3207 enuntiatum
1032 3163 1052 3208 1
1073 3140 1197 3208 duobus
1217 3143 1347 3232 scripto-

194 3242 282 3308 ribus
304 3244 482 3312 adhibitum
503 3269 543 3314 ex
564 3247 676 3312 eodem
697 3247 785 3314 fonte
803 3270 857 3314 eos
878 3249 1021 3318 hausisse
1038 3272 1102 3316 non
1116 3250 1246 3316 indicat.
1290 3251 1347 3316 Ad

193 3351 272 3418 illud
293 3350 429 3418 Plautus
450 3355 568 3422 Pseud.
592 3355 611 3420 I
636 3360 663 3436 1,
686 3359 727 3422 88
750 3355 872 3426 alludit.

294 3459 412 3526 Horat.
436 3468 495 3528 sat.
518 3463 557 3528 H
578 3467 609 3546 3,
641 3467 793 3531 96-98;
826 3487 916 3550 ,quas
945 3469 1001 3553 (se.
1025 3465 1162 3551 divitias)
1192 3467 1247 3550 qui
1273 3487 1346 3532 con·

193 3570 354 3651 struxerit,
382 3569 435 3636 ille
460 3568 575 3637 Olarus
594 3574 662 3653 erit,
692 3573 794 3655 fortis,
814 3575 929 3658 justus.
973 3572 1192 3658 ,Sapiensnel‘
1224 3573 1344 3657 Etiam,

192 3683 224 3742 et
245 3699 302 3744 rex
323 3685 355 3745 et
376 3679 531 3764 quidquid
546 3681 649 3763 volet‘,
670 3681 900 3750 1111.Τ111.51
924 3685 987 3766 ,καὶ
1007 3678 1068 3770 γὰρ
1084 3676 1194 3770 ῥήτωρ
1213 3677 1346 3768 ἄριστος

192 3777 210 3848 ὁ
236 3785 342 3873 Ίῖμωυ
366 3789 419 3852 καὶ
444 3783 486 3853 τὰ
512 3780 593 3854 ἄλλα
618 3783 728 3855 πάντα
756 3781 864 3856 ὁπόσα
884 3783 1063 3875 11υέθέ1ῃῆ
1111 3791 1346 3858 Additamento

191 3890 270 3958 haec
298 3895 502 3981 hyperbolice
532 3896 618 3962 dieta
646 3898 762 3964 cotidie
790 3905 995 3984 usurpantur,
1029 3920 1129 3984 quare
1162 3899 1343 3980 similitudo,

192 3999 225 4064 in
248 4001 286 4066 iis
308 4005 421 4085 posita,
445 4005 560 4071 nullius
581 4007 734 4071 momenti
756 4013 812 4072 est.

292 4108 409 4180 Horat.
440 4134 469 4178 a.
500 4135 531 4198 p.
561 4115 642 4181 304:
673 4111 739 4194 ,Nil
768 4114 900 4196 tantist‘,
931 4115 954 4178 i.
973 4136 999 4179 e.
1022 4115 1049 4180 si
1074 4114 1201 4182 laudem
1230 4122 1344 4201 poetae
1400 4137 1406 4154 ·

190 4217 277 4284 nulla
299 4237 334 4284 re
357 4223 523 4304 acquirere
545 4243 684 4305 possum,
712 4222 772 4304 nisi
794 4222 908 4288 mentis
934 4222 1071 4287 sanitate
1099 4224 1249 4308 impensa,
1271 4226 1342 4290 'non

193 4326 295 4408 cupio,
315 4327 460 4410 repudio.
503 4327 584 4394 Luc.
607 4327 775 4414 :quomodo
797 4328 930 4393 historie.
952 4329 992 4393 111
1014 4330 1260 4407 conscribenda‘,
1288 4330 1343 4396 ubi

193 4429 367 4518 Diogenes
404 4456 475 4510 cum
518 4457 627 4502 omnes
650 4435 819 4512 'Corinthii
856 4435 974 4510 bellum
1014 4445 1126 4513 contra
1159 4437 1343 4523 Philippum

1224 4559 1241 4618 3
