3306 4926
737 361 1041 433 .--14---Α

283 525 369 610 quod
385 528 564 594 Lucienum
586 549 648 594 non
665 530 789 594 novisse
804 528 924 596 Horati
939 537 1064 596 saturas
1086 533 1138 597 ille
1157 532 1242 614 dicit,
1267 531 1440 598 dubitatio-

281 657 354 701 nem
376 642 489 703 movet.
533 635 620 720 Quin
643 638 741 702 etiam
763 636 880 702 Latine
902 659 974 704 eum
996 640 1165 706 nescivisse
1187 641 1239 706 ille
1270 641 1438 706 existimat.

281 743 377 828 Quod
398 751 434 810 ut
458 744 680 832 disceptemus,
708 745 749 810 ab
779 747 990 812 examinando
1020 748 1090 813 loco
1115 749 1169 813 illo
1192 748 1352 814 Lucianeo
1379 769 1438 832 pro

281 853 359 936 laps.
383 855 439 918 int.
463 853 554 919 salut.
574 875 599 918 c.
621 856 659 918 13
683 851 947 936 proficiscendum
968 860 1025 934 est,
1049 876 1112 938 quo
1134 855 1211 939 quid
1234 853 1391 938 particula
1411 854 1439 919 ai

281 960 445 1043 significet,
468 961 642 1043 quaeritur.
685 959 893 1025 Reiciendam
915 983 983 1026 esse
1000 961 1114 1027 Herm.
1137 962 1297 1028 Fritzschi
1317 969 1438 1030 senten·

280 1071 358 1136 tiam
376 1068 498 1152 legibus
519 1069 638 1136 Graeci
660 1070 813 1135 sermonis
834 1076 1084 1154 repugnantem,
1115 1093 1197 1154 quae
1219 1071 1304 1137 hano
1333 1073 1438 1155 potius

281 1178 381 1242 solam
402 1178 698 1260 interpretationem
732 1197 833 1257 ,wenn
858 1178 911 1244 ich
933 1183 1029 1244 etwas
1051 1178 1167 1244 Lateiu
1189 1179 1342 1259 verstehe,
1372 1179 1439 1244 und

278 1286 330 1350 ich
345 1286 489 1351 verstehe
504 1285 645 1352 wirklich
663 1291 767 1350 etwas‘
791 1284 1006 1369 admitterent,
1027 1287 1069 1353 A.
1085 1286 1291 1352 Heinrichius
1310 1287 1439 1354 demon-

280 1395 401 1476 stravit,
437 1395 587 1478 exemplis
620 1394 707 1458 nisus
740 1399 777 1458 ut
804 1393 903 1477 Soph.
932 1394 1014 1462 Phil.
1042 1398 1112 1478 192,
1146 1394 1224 1463 Oed.
1250 1401 1312 1480 tyr.
1343 1398 1436 1475 1110,

279 1501 391 1586 Antig.
404 1507 476 1585 719,
492 1502 606 1586 quibus
620 1502 688 1586 ipse
703 1501 816 1566 Herm.
827 1501 1023 1569 Fritzschius
1042 1505 1075 1568 in
1093 1503 1166 1570 adn.
1185 1504 1227 1570 ad
1244 1504 1361 1570 Horat.
1377 1509 1436 1568 sat.

277 1609 316 1674 Π
332 1614 361 1692 3,
385 1614 424 1676 33
441 1611 504 1675 alia
519 1608 652 1689 addidit,
670 1614 702 1674 et
717 1631 775 1693 ego
792 1610 857 1674 eius
874 1612 1064 1678 sententiam
1080 1613 1263 1696 amplector.
1274 1613 1436 1678 Lucienus

278 1719 375 1801 igitur
399 1721 467 1803 ipse
494 1739 527 1783 se
549 1717 667 1784 Latine
693 1719 776 1782 scire
804 1718 984 1802 profitetur.
1030 1720 1096 1786 Sed
1122 1721 1337 1788 Horatiumne
1365 1741 1437 1802 cog·

278 1827 388 1895 novit?
427 1827 634 1892 Hermannus
661 1825 858 1892 Fritzschius
885 1827 919 1891 id
947 1834 1053 1911 negat,
1086 1829 1302 1912 compluribus
1331 1834 1437 1893 motus

277 1937 390 2016 causis,
422 1957 504 2020 quae
534 1941 643 2000 tamen
673 1935 794 2000 nullum
820 1933 940 2000 habent
968 1935 1101 2018 pondus.
1154 1935 1276 2002 Contra
1298 1938 1436 2020 primum

277 2045 361 2109 euim
386 2049 621 2128 argumentum,
650 2064 713 2126 quo
741 2041 935 2108 Fritzschius
965 2064 1040 2109 usus
1068 2048 1125 2124 est,
1154 2044 1346 2108 monendum
1377 2051 1434 2125 cst,

276 2153 456 2218 Lucianum
479 2157 519 2231 et,
542 2173 615 2217 cum
636 2151 761 2216 Romae
783 2149 1042 2216 commorabatur
1052 2153 1082 2233 1),
1104 2150 1159 2214 uhi
1177 2151 1246 2234 jam
1268 2150 1293 2216 J
1295 2151 1435 2216 uvenalis

276 2261 473 2345 temporibus
492 2263 538 2326 ita
556 2259 692 2325 florebat
701 2260 727 2344 2)
748 2258 916 2340 Horatius,
948 2265 985 2324 ut
1011 2259 1154 2323 carmina
1176 2259 1242 2324 eius
1263 2260 1297 2324 in
1319 2258 1434 2325 scholis

274 2371 465 2454 legerentur,
481 2376 522 2450 et,
543 2390 615 2433 cum
630 2367 788 2434 rhetorica
803 2367 1067 2450 philosophiaque
1087 2368 1205 2434 omissa
1224 2368 1267 2433 ad
1290 2368 1433 2454 dialogos

276 2479 420 2543 satiricos
444 2476 678 2560 componendos
701 2496 734 2540 se
757 2475 899 2555 contulit,
926 2475 1100 2542 Horatium
1123 2477 1316 2560 cognovisse,
1341 2498 1432 2560 prae-

275 2587 384 2652 sertim
411 2607 482 2651 cum
509 2584 656 2670 eadcm3)
686 2583 752 2648 fere
775 2589 873 2667 atque
898 2583 951 2648 ille
979 2588 1096 2648 natura
1125 2590 1217 2664 esset,
1247 2583 1431 2648 verisimilli-

275 2715 362 2758 mum
384 2713 462 2758 esse.
508 2691 632 2758 Oontra
654 2691 789 2756 alteram
809 2691 875 2756 eius
891 2711 1021 2756 causam
1037 2690 1265 2774 disputandum
1279 2698 1337 2773 est,
1350 2691 1432 2768 ‚licet

273 2801 417 2867 rhetores
440 2800 559 2868 Graeci
580 2800 745 2866 Romanos
771 2821 920 2884 spernere
951 2799 1035 2864 soliti
1063 2800 1136 2881 sint,
1166 2799 1346 2866 Lucianum
1374 2821 1432 2883 per

274 2917 376 2976 totam
400 2910 532 2996 vitam4)
566 2909 758 2976 rhetoricam
791 2929 995 2991 nequaquam
1023 2908 1203 2991 professum
1241 2930 1327 2989 esse,
1364 2908 1430 2990 sed,

274 3041 346 3084 cum
375 3019 417 3084 ad
446 3019 600 3083 maiorem
626 3023 766 3083 aetatem
794 3017 1005 3099 peruenisset,
1036 3016 1123 3082 illam
1153 3016 1333 3101 despexisse
1343 3017 1369 3102 ⁵)
1399 3023 1431 3082 et

273 3127 401 3211 dialogo
435 3128 562 3192 satirico
595 3126 719 3192 exculto
754 3125 889 3208 gloriam
922 3123 1155 3209 affectavissefl)
1218 3125 1270 3190 Ne
1302 3127 1430 3192 tertiam

274 3235 402 3320 quidem
432 3256 562 3300 causam
581 3236 703 3319 justam
733 3249 816 3313 esse·
837 3233 879 3300 A.
902 3232 1142 3318 Heinrichiusa
1173 3233 1321 3300 ostendit.
1365 3233 1430 3300 Ne-

273 3367 336 3428 que
358 3365 443 3425 ver0,
467 3343 553 3427 quod
572 3348 769 3426 postremum
783 3340 896 3410 Herm.
909 3341 1105 3408 Fritzschius
1126 3343 1258 3425 profert,
1283 3365 1322 3408 ex
1344 3343 1429 3408 nullo

272 3452 409 3518 huciani
436 3473 568 3536 operum
595 3451 666 3518 loco
694 3473 766 3516 eum
794 3456 850 3515 aut
876 3450 993 3516 Latine
1023 3450 1149 3516 scivisse
1184 3457 1240 3516 aut
1265 3451 1429 3518 Romanos

272 3561 442 3644 scriptores
470 3560 584 3644 legisse
615 3579 782 3642 apparere,
814 3580 923 3624 verum
955 3565 1010 3624 est.
1056 3556 1196 3625 Obstare
1229 3560 1312 3624 enim
1346 3581 1429 3643 quae

272 3669 391 3753 scripta
420 3674 495 3733 sunt
521 3671 595 3744 πῶς
624 3667 674 3732 δεῖ
700 3663 845 3759 ἱστορίαν
874 3658 1069 3752 συγγράφειν
1093 3688 1117 3734 c.
1142 3670 1181 3732 15
1218 3663 1430 3754 ,συγγραφεὺς

271 3771 378 3840 πολλὰ
410 3777 462 3839 καὶ
495 3777 565 3840 τῶν
595 3766 711 3840 ὅπλων
741 3775 793 3839 καὶ
822 3776 891 3838 τῶν
921 3775 1176 3860 μηχανημάτων,
1209 3768 1256 3852 ὡς
1278 3771 1429 3857 Ῥωμαῖοι

271 3879 356 3948 αὐτὰ
380 3877 606 3968 ὀνομάζουσιν,
631 3874 741 3959 οὕτως
768 3875 951 3966 α’νέγραψσ,
975 3882 1029 3964 qui
1051 3879 1176 3948 libellus
1197 3880 1309 3967 procul
1331 3879 1428 3946 dubio

271 3991 426 4074 genuinus
442 3997 499 4074 est,
521 4011 594 4056 vere
613 3989 698 4055 idem
717 3988 761 4055 Α.
777 3988 985 4056 Heinrichius
1008 3988 1159 4069 adnotat3
1183 3989 1304 4056 nullum
1320 3995 1427 4056 autem

373 4179 394 4248 ¹)
413 4195 437 4234 v.
454 4177 558 4248 Nigrin.
576 4193 598 4232 c.
616 4177 645 4246 23
662 4173 740 4230 Alex.
758 4191 779 4230 c.
798 4176 839 4230 30.
930 4176 951 4246 ²)
969 4192 993 4232 r.
1011 4179 1071 4233 Juv.
1092 4177 1141 4234 VII
1160 4177 1217 4230 226.
1307 4176 1327 4246 ⁸)
1346 4192 1369 4230 v.
1389 4173 1426 4232 Α.

271 4269 403 4324 Heinrich.
421 4270 439 4324 l.
453 4270 471 4324 l.
486 4286 512 4338 p.
527 4270 566 4322 15.
636 4270 657 4338 ⁴)
676 4284 700 4321 v.
719 4267 782 4322 Luc.
801 4266 842 4320 bis
861 4285 946 4324 accus.
966 4273 981 4333 ς
1000 4270 1040 4324 32.
1112 4269 1132 4338 5)
1151 4285 1174 4322 ν.
1188 4267 1228 4322 bis
1246 4283 1333 4324 accus.
1348 4285 1371 4325 c.
1385 4271 1426 4326 28.

271 4361 291 4428 1)
310 4376 334 4415 v.
353 4358 482 4426 libellum,
501 4359 547 4427 qui
569 4357 723 4415 inscribitur
744 4351 886 4424 ἀποφρὰς,
919 4375 970 4428 quc
989 4377 1005 4414 a
1027 4359 1134 4414 crimine
1152 4359 1206 4423 illo,
1229 4359 1301 4428 quod
1318 4359 1426 4414 verbnm

272 4449 422 4521 ,οόοφροέςί
442 4451 511 4506 falso
530 4467 672 4520 usurpasse
688 4449 801 4514 dicatur,
820 4465 848 4504 se
867 4449 986 4505 defendit
1003 4451 1144 4506 Lucienus.
1233 4450 1252 4512 't
1270 4451 1287 4506 1.
1307 4450 1324 4512 l,
1342 4468 1368 4520 p.
1387 4454 1425 4505 lt.
