3306 4926
692 347 954 429 -ram,

216 517 353 582 Latinae
375 516 528 600 impotem
560 535 628 581 esse
657 515 800 600 profiteri
832 516 1002 596 contendit,
1029 506 1142 581 revera
1168 521 1277 582 autem
1303 536 1375 580 con·

217 626 351 692 trarinm
372 624 436 708 legi
458 624 558 707 quivis
575 625 761 707 incorrupto
781 623 901 707 judicio
923 624 1089 708 praeditus
1116 623 1270 690 concedit.
1315 622 1375 688 At·

218 755 278 817 que
298 739 335 798 ut
357 731 545 798 Theodorus
552 732 755 798 ·Fritzsohius
776 739 863 798 recte
879 731 1015 798 Luciani
1030 732 1127 798 verba
1147 733 1375 815 interpretatus

218 844 265 922 sit,
289 863 347 908 our
363 842 498 925 scriptor
512 841 573 921 ille,
596 840 638 906 ad
656 862 751 924 quem
765 848 936 925 utrumque
950 842 1083 906 rediisse
1101 842 1186 918 dicit,
1205 839 1376 939 Menippus

216 971 285 1016 esse
307 949 430 1029 debeat,
451 949 538 1014 nullo
556 948 650 1014 modo
665 947 791 1032 probat.
829 948 905 1014 Hoc
920 969 984 1014 non
998 949 1087 1032 prius
1103 946 1235 1013 concedi
1249 947 1375 1032 poterit,

217 1080 315 1142 quam
327 1058 579 1124 demonstratum
591 1058 661 1139 erit,
674 1057 745 1122 illos
756 1058 843 1123 locos
854 1056 1043 1139 Lucianeos,
1054 1057 1153 1140 quiin
1165 1055 1375 1140 comparatio·

217 1187 291 1231 nem
309 1188 380 1232 cum
395 1165 586 1232 Horatianis
607 1173 770 1247 vocantur,
796 1189 835 1232 ex
858 1167 1002 1252 Menippi
1022 1166 1111 1232 libris
1131 1166 1268 1248 fluxisse,
1290 1165 1376 1251 quod

217 1295 278 1358 pro
301 1280 387 1340 certo
411 1275 571 1358 explorari
595 1275 722 1340 omnino
749 1296 814 1340 non
838 1281 953 1362 potest,
983 1297 1055 1341 cum
1075 1275 1218 1361 Menippi
1247 1275 1376 1358 scripta,

216 1384 326 1465 paucis
350 1382 537 1467 fragmentis
561 1383 710 1466 exceptis,
734 1383 841 1448 omnia
862 1384 1025 1467 perierint.

320 1488 456 1556 Oautins
478 1489 686 1556 Hermannus
707 1489 919 1573 Fritzschius,
951 1491 1142 1557 sententiam
1162 1511 1253 1556 suam
1271 1489 1377 1556 defen·

218 1597 306 1680 dens,
329 1600 375 1664 ita
396 1603 639 1683 argumentatus
662 1605 726 1664 est:
748 1599 820 1664 illas
843 1599 1063 1666 similitudines
1083 1599 1126 1664 ad
1146 1598 1281 1664 eundem
1302 1619 1377 1664 auc·

218 1711 330 1789 torem,
361 1728 424 1791 quo
451 1713 586 1790 uterque
607 1728 682 1772 usus
706 1715 796 1788 esset,
835 1707 1019 1774 referendas
1041 1729 1110 1773 esse
1131 1707 1205 1772 inde
1226 1707 1376 1791 intellegi,

220 1813 306 1896 quod
333 1812 495 1880 Lucienus
516 1813 691 1880 Horatium
721 1836 784 1880 non
813 1816 959 1883 novisset.
1005 1815 1101 1901 Quod
1129 1837 1285 1900 apparere
1314 1816 1379 1900 pri·

219 1942 308 1985 mum
328 1943 367 1986 ex
387 1926 458 1988 tota
480 1921 562 1986 illius
585 1923 670 1988 vitae
692 1928 725 1988 et
754 1922 940 1989 eruditionis
966 1924 1099 2003 ratione,
1129 1922 1243 1988 deinde
1270 1943 1309 1988 ex
1339 1944 1378 1988 ea

220 2052 255 2096 re
276 2030 362 2114 quod
377 2029 540 2098 Graecam
564 2031 767 2113 rhetoricam,
790 2054 873 2116 quae
889 2053 1014 2116 semper
1028 2031 1249 2098 Romanorum
1272 2029 1378 2096 studia

221 2142 471 2226 contempsisset,
504 2140 659 2226 profitens
686 2142 803 2206 victum
833 2141 1049 2225 quaesivisset,
1084 2147 1153 2205 tum
1185 2138 1259 2205 inde
1291 2139 1379 2228 quod

222 2249 366 2314 rhetores
381 2249 501 2316 Graeci
514 2250 559 2314 illi
578 2249 728 2334 aequales
743 2249 860 2316 Latine
874 2250 969 2334 plane
984 2249 1196 2330 nescivissent,
1215 2253 1377 2332 postremo

222 2355 295 2420 inde
308 2355 394 2440 quod
405 2357 510 2420 nullus
522 2357 555 2421 in
565 2357 701 2423 Luciani
713 2358 839 2442 scriptis
850 2358 1044 2442 reperiretur
1053 2357 1150 2437 locus,
1167 2357 1221 2440 qui
1232 2356 1378 2422 notitiam

223 2471 279 2530 aut
293 2465 422 2549 linguae
436 2464 575 2530 Latinae
590 2471 647 2530 aut
662 2466 825 2550 scriptoris
841 2466 935 2531 ullius
952 2465 1092 2532 Romani
1107 2471 1241 2548 saperet.
1263 2462 1378 2548 Neque

222 2573 317 2638 rrllius
340 2573 486 2640 dictionis
509 2573 677 2638 Romanae
699 2575 891 2640 mentionem
913 2573 982 2640 fieri
1009 2575 1070 2639 nisi
1099 2575 1174 2654 eius,
1203 2595 1285 2657 quae
1308 2575 1380 2657 ipsa

223 2703 243 2746 a
265 2681 400 2749 Graecis
423 2689 551 2766 sumpta
574 2687 664 2747 esset,
708 2681 850 2747 Nomina
863 2682 1019 2760 Romana,
1043 2705 1147 2748 mores
1162 2681 1327 2748 Romanos
1345 2672 1378 2748 in

224 2789 353 2856 Graeca
375 2790 551 2872 transferri,
571 2796 608 2856 ut
627 2789 710 2856 illius
725 2791 825 2878 ipsius
840 2812 955 2856 nomen
970 2793 1003 2857 in
1018 2795 1170 2875 Λυκῖνος,
1194 2790 1380 2858 Saturnalia

223 2900 255 2964 in
274 2891 410 2984 Κρόνὶα.
454 2898 620 2966 Historiae
641 2898 809 2965 Romanae
829 2900 963 2965 inscium
977 2899 1157 2966 Lucienum
1179 2899 1285 2983 fuisse,
1307 2922 1378 2966 cum

223 3007 325 3073 multa
357 3013 424 3072 tum
460 3007 532 3073 dial.
560 3014 653 3087 mort.
682 3005 758 3072 XII
787 3008 908 3074 testari.
965 3005 1058 3091 Quae
1089 3009 1116 3072 si
1148 3013 1379 3092 reputaremus,

223 3117 426 3200 perspicuum
441 3137 519 3198 esse,
542 3137 605 3200 quo
620 3115 715 3182 modo
730 3137 812 3180 unus
827 3115 879 3181 ille
894 3115 992 3198 loeus,
1009 3137 1072 3200 quo
1089 3115 1128 3180 de
1140 3115 1249 3199 lingua
1260 3115 1379 3180 Latina

225 3222 393 3305 diceretur,
416 3243 475 3306 pro
497 3223 574 3306 laps.
596 3224 652 3290 int.
674 3222 766 3290 salut.
790 3245 816 3290 c.
839 3227 881 3287 13
905 3222 943 3303 ,el
971 3247 1002 3288 τι
1025 3216 1116 3308 κᾶγώ
1138 3225 1194 3308 τῆς
1210 3215 1378 3307 Ῥωμαίων
1434 3277 1441 3288 .

225 3332 338 3416 φωνῆς
360 3327 474 3395 lnolm‘
495 3329 755 3414 interpretandus
778 3338 868 3398 esset.
915 3329 1041 3416 Nempe
1069 3331 1097 3396 εἰ
1125 3351 1189 3396 non
1208 3330 1379 3396 formulam

225 3438 448 3504 affirmationis
471 3439 689 3523 accipiendum
704 3460 773 3505 esse
796 3461 841 3522 ,so
857 3441 967 3525 gewiss
983 3441 1029 3505 als
1048 3439 1100 3506 ioh
1115 3439 1198 3505 auch
1212 3439 1378 3504 lateinisch

225 3548 389 3631 verstehe‘,
409 3547 464 3614 sed
486 3549 519 3612 in
536 3548 628 3613 vilem
649 3553 681 3613 et
704 3546 863 3614 abiectam
878 3549 1076 3631 sententiam,
1101 3568 1201 3630 ,wenn
1217 3546 1269 3614 ioh
1287 3547 1378 3612 iiber-

225 3657 326 3742 haupt
348 3662 444 3722 etwas
464 3677 525 3722 von
547 3678 655 3722 eurem
677 3656 793 3722 Latein
816 3657 1071 3742 aufgeschnappt
1089 3655 1173 3721 habe
1194 3655 1260 3720 und
1283 3655 1378 3721 allen·

224 3765 296 3831 falls
326 3766 420 3847 salve,
454 3764 518 3830 bon
544 3766 627 3850 jour,
660 3765 726 3830 und
750 3766 832 3842 vale,
866 3766 969 3848 adieu,
999 3764 1243 3830 unterscheiden
1273 3764 1378 3833 kann‘.

224 3872 258 3939 A
275 3875 425 3958 Menippo
448 3879 555 3938 autem
577 3880 748 3957 utrumque
772 3895 817 3950 ea,
841 3895 923 3957 quae
945 3873 1126 3938 communia
1148 3879 1231 3956 sunt,
1254 3878 1379 3937 mutua-

224 3989 293 4048 tum
316 4003 392 4064 esse,
414 3981 486 4048 ideo
508 3981 715 4047 Hermannus
736 3982 931 4047 Fritzschius
954 3983 1112 4067 opinatur,
1140 3981 1217 4065 quia
1239 3987 1275 4046 ut
1296 3982 1379 4046 inter

223 4091 410 4169 Lucianum,
426 4090 570 4176 Menippi
584 4091 822 4173 aemulatorem,
845 4096 877 4156 et
891 4091 1076 4172 Horatium,
1097 4091 1144 4155 ita
1159 4089 1378 4156 simihtudines

224 4197 424 4265 intercedant
444 4199 527 4264 inter
545 4197 699 4268 Varronis
718 4205 846 4266 saturas
861 4198 1057 4284 Menippeas,
1080 4197 1157 4264 item
1179 4197 1221 4264 ad
1238 4197 1378 4284 Menippi

226 4291 404 4393 exemplum
423 4308 568 4392 scriptas,
591 4314 624 4374 et
641 4307 851 4376 Horatianas.

328 4415 429 4482 Plura
450 4423 558 4482 autem
580 4422 693 4483 eontra
714 4417 773 4484 has
794 4419 935 4484 rationes
958 4416 1093 4484 dicenda
1114 4422 1204 4484 sunt:
1233 4416 1377 4484 Primum
