<?xml version="1.0" encoding="UTF-8"?>
<!DOCTYPE html PUBLIC "-//W3C//DTD XHTML 1.0 Transitional//EN"
    "http://www.w3.org/TR/xhtml1/DTD/xhtml1-transitional.dtd">
<html xmlns="http://www.w3.org/1999/xhtml" xml:lang="en" lang="en">
 <head>
  <title>
</title>
<meta http-equiv="Content-Type" content="text/html;charset=utf-8" />
  <meta name='ocr-system' content='tesseract 3.04.00' />
  <meta name='ocr-capabilities' content='ocr_page ocr_carea ocr_par ocr_line ocrx_word'/>
</head>
<body>
  <div class='ocr_page' id='page_1' title='image "./quaeriturquojur00rowegoog_0044.png"; bbox 0 0 3306 4926; ppageno 0'>
   <div class='ocr_carea' id='block_1_1' title="bbox 674 357 885 423">
    <p class='ocr_par' dir='ltr' id='par_1_1' title="bbox 674 357 885 423">
     <span class='ocr_line' id='line_1_1' title="bbox 674 357 885 423; baseline -0.005 -18"><span class='ocrx_word' id='word_1_1' title='bbox 674 357 885 423; x_wconf 67' lang='lat'>..39-</span> 
     </span>
    </p>
   </div>
   <div class='ocr_carea' id='block_1_2' title="bbox 204 527 1384 3304">
    <p class='ocr_par' dir='ltr' id='par_1_2' title="bbox 204 527 1384 1051">
     <span class='ocr_line' id='line_1_2' title="bbox 205 527 1359 614; baseline -0.002 -16"><span class='ocrx_word' id='word_1_2' title='bbox 205 531 310 598; x_wconf 88' lang='lat' dir='ltr'>diente</span> <span class='ocrx_word' id='word_1_3' title='bbox 328 529 520 610; x_wconf 89' lang='lat' dir='ltr'>dictumest,</span> <span class='ocrx_word' id='word_1_4' title='bbox 543 529 700 600; x_wconf 79' lang='lat' dir='ltr'><strong>Varronis</strong></span> <span class='ocrx_word' id='word_1_5' title='bbox 714 529 752 596; x_wconf 85' lang='lat' dir='ltr'>fr.</span> <span class='ocrx_word' id='word_1_6' title='bbox 765 552 796 613; x_wconf 93' lang='lat' dir='ltr'>p.</span> <span class='ocrx_word' id='word_1_7' title='bbox 806 531 868 595; x_wconf 76' lang='lat'>261</span> <span class='ocrx_word' id='word_1_8' title='bbox 889 527 1032 609; x_wconf 88' lang='lat' dir='ltr'>‚scabens</span> <span class='ocrx_word' id='word_1_9' title='bbox 1048 532 1144 613; x_wconf 87' lang='lat' dir='ltr'>caput</span> <span class='ocrx_word' id='word_1_10' title='bbox 1163 550 1244 595; x_wconf 79' lang='lat' dir='ltr'>novo</span> <span class='ocrx_word' id='word_1_11' title='bbox 1261 534 1359 614; x_wconf 89' lang='lat' dir='ltr'>partu</span> 
     </span>
     <span class='ocr_line' id='line_1_3' title="bbox 204 636 1384 724; baseline -0.005 -18"><span class='ocrx_word' id='word_1_12' title='bbox 204 641 347 724; x_wconf 88' lang='lat' dir='ltr'>poetico‘‚</span> <span class='ocrx_word' id='word_1_13' title='bbox 371 637 475 704; x_wconf 88' lang='lat' dir='ltr'>Persii</span> <span class='ocrx_word' id='word_1_14' title='bbox 489 637 520 706; x_wconf 95' lang='lat' dir='ltr'>V</span> <span class='ocrx_word' id='word_1_15' title='bbox 534 640 595 704; x_wconf 85' lang='grc'>162</span> <span class='ocrx_word' id='word_1_16' title='bbox 620 637 765 720; x_wconf 89' lang='lat' dir='ltr'>,crudum</span> <span class='ocrx_word' id='word_1_17' title='bbox 786 659 926 722; x_wconf 89' lang='lat' dir='ltr'>unguem</span> <span class='ocrx_word' id='word_1_18' title='bbox 947 636 1117 704; x_wconf 84' lang='lat' dir='ltr'>obrodens‘</span> <span class='ocrx_word' id='word_1_19' title='bbox 1141 637 1181 703; x_wconf 92' lang='lat' dir='ltr'>de</span> <span class='ocrx_word' id='word_1_20' title='bbox 1206 637 1352 723; x_wconf 83' lang='lat' dir='ltr'>zelotypo</span> <span class='ocrx_word' id='word_1_21' title='bbox 1382 695 1384 700; x_wconf 83' lang='grc'>.</span> 
     </span>
     <span class='ocr_line' id='line_1_4' title="bbox 206 741 1358 833; baseline -0.002 -19"><span class='ocrx_word' id='word_1_22' title='bbox 206 747 346 827; x_wconf 85' lang='lat' dir='ltr'>dicentis,</span> <span class='ocrx_word' id='word_1_23' title='bbox 362 746 510 812; x_wconf 85' lang='lat' dir='ltr'>similium</span> <span class='ocrx_word' id='word_1_24' title='bbox 523 747 718 814; x_wconf 88' lang='lat' dir='ltr'>locutionum</span> <span class='ocrx_word' id='word_1_25' title='bbox 732 745 827 832; x_wconf 72' lang='grc' dir='ltr'><em>,χείλη</em></span> <span class='ocrx_word' id='word_1_26' title='bbox 843 741 974 812; x_wconf 80' lang='grc' dir='ltr'><em>δάκνειν</em></span> <span class='ocrx_word' id='word_1_27' title='bbox 984 747 1015 830; x_wconf 82' lang='grc' dir='ltr'>Ι),</span> <span class='ocrx_word' id='word_1_28' title='bbox 1039 748 1190 833; x_wconf 76' lang='grc' dir='ltr'><em>γλῶτταν</em></span> <span class='ocrx_word' id='word_1_29' title='bbox 1206 746 1358 828; x_wconf 69' lang='grc' dir='ltr'><em>δάκνειν,</em></span> 
     </span>
     <span class='ocr_line' id='line_1_5' title="bbox 206 853 1359 941; baseline -0.001 -19"><span class='ocrx_word' id='word_1_30' title='bbox 206 855 245 922; x_wconf 91' lang='lat' dir='ltr'>de</span> <span class='ocrx_word' id='word_1_31' title='bbox 267 853 509 937; x_wconf 86' lang='lat' dir='ltr'>haesitantibus,</span> <span class='ocrx_word' id='word_1_32' title='bbox 538 854 579 920; x_wconf 91' lang='lat' dir='ltr'>de</span> <span class='ocrx_word' id='word_1_33' title='bbox 603 855 694 928; x_wconf 85' lang='lat' dir='ltr'>iratis</span> <span class='ocrx_word' id='word_1_34' title='bbox 718 859 945 940; x_wconf 85' lang='lat' dir='ltr'>usurpatamm</span> <span class='ocrx_word' id='word_1_35' title='bbox 965 855 1153 922; x_wconf 88' lang='lat' dir='ltr'>recordatus</span> <span class='ocrx_word' id='word_1_36' title='bbox 1180 854 1287 941; x_wconf 65' lang='lat' dir='ltr'>erim),</span> <span class='ocrx_word' id='word_1_37' title='bbox 1319 875 1359 922; x_wconf 84' lang='lat' dir='ltr'>na</span> 
     </span>
     <span class='ocr_line' id='line_1_6' title="bbox 204 962 1182 1051; baseline -0.002 -20"><span class='ocrx_word' id='word_1_38' title='bbox 204 964 288 1031; x_wconf 88' lang='lat' dir='ltr'>hanc</span> <span class='ocrx_word' id='word_1_39' title='bbox 307 962 434 1047; x_wconf 88' lang='lat' dir='ltr'>quidem</span> <span class='ocrx_word' id='word_1_40' title='bbox 456 963 692 1030; x_wconf 88' lang='lat' dir='ltr'>similitudinem</span> <span class='ocrx_word' id='word_1_41' title='bbox 711 963 798 1028; x_wconf 89' lang='lat' dir='ltr'>casui</span> <span class='ocrx_word' id='word_1_42' title='bbox 819 963 960 1029; x_wconf 86' lang='lat' dir='ltr'>tribucre</span> <span class='ocrx_word' id='word_1_43' title='bbox 978 963 1138 1032; x_wconf 90' lang='lat' dir='ltr'>dubitabis</span> <span class='ocrx_word' id='word_1_44' title='bbox 1148 966 1182 1051; x_wconf 82' lang='lat'>³).</span> 
     </span>
    </p>

    <p class='ocr_par' dir='ltr' id='par_1_3' title="bbox 205 1069 1360 3304">
     <span class='ocr_line' id='line_1_7' title="bbox 308 1069 1360 1158; baseline 0.005 -22"><span class='ocrx_word' id='word_1_45' title='bbox 308 1069 408 1154; x_wconf 86' lang='lat' dir='ltr'><strong>Apud</strong></span> <span class='ocrx_word' id='word_1_46' title='bbox 421 1070 596 1138; x_wconf 83' lang='lat' dir='ltr'>Horatium</span> <span class='ocrx_word' id='word_1_47' title='bbox 617 1071 650 1136; x_wconf 92' lang='lat' dir='ltr'>in</span> <span class='ocrx_word' id='word_1_48' title='bbox 671 1071 761 1137; x_wconf 90' lang='lat' dir='ltr'>initio</span> <span class='ocrx_word' id='word_1_49' title='bbox 783 1071 861 1138; x_wconf 88' lang='lat' dir='ltr'>artis</span> <span class='ocrx_word' id='word_1_50' title='bbox 879 1073 1022 1156; x_wconf 75' lang='lat' dir='ltr'>poeticae</span> <span class='ocrx_word' id='word_1_51' title='bbox 1039 1074 1158 1158; x_wconf 86' lang='lat' dir='ltr'>scripta</span> <span class='ocrx_word' id='word_1_52' title='bbox 1172 1081 1246 1141; x_wconf 87' lang='lat' dir='ltr'>sunt</span> <span class='ocrx_word' id='word_1_53' title='bbox 1263 1076 1360 1142; x_wconf 86' lang='lat' dir='ltr'>haec:</span> 
     </span>
     <span class='ocr_line' id='line_1_8' title="bbox 207 1179 1357 1267; baseline 0.003 -23"><span class='ocrx_word' id='word_1_54' title='bbox 207 1180 234 1246; x_wconf 91' lang='lat' dir='ltr'>si</span> <span class='ocrx_word' id='word_1_55' title='bbox 256 1179 327 1263; x_wconf 89' lang='lat' dir='ltr'>quis</span> <span class='ocrx_word' id='word_1_56' title='bbox 346 1180 450 1264; x_wconf 90' lang='lat' dir='ltr'>pictor</span> <span class='ocrx_word' id='word_1_57' title='bbox 471 1185 648 1246; x_wconf 88' lang='lat' dir='ltr'>monstrum</span> <span class='ocrx_word' id='word_1_58' title='bbox 670 1180 717 1246; x_wconf 87' lang='lat' dir='ltr'>ita</span> <span class='ocrx_word' id='word_1_59' title='bbox 738 1179 894 1260; x_wconf 82' lang='lat' dir='ltr'>formavit,</span> <span class='ocrx_word' id='word_1_60' title='bbox 917 1187 954 1246; x_wconf 86' lang='lat' dir='ltr'>ut</span> <span class='ocrx_word' id='word_1_61' title='bbox 974 1187 1072 1267; x_wconf 87' lang='lat' dir='ltr'>caput</span> <span class='ocrx_word' id='word_1_62' title='bbox 1093 1189 1232 1250; x_wconf 79' lang='lat' dir='ltr'>sumeret</span> <span class='ocrx_word' id='word_1_63' title='bbox 1254 1205 1274 1248; x_wconf 89' lang='lat' dir='ltr'>a</span> <span class='ocrx_word' id='word_1_64' title='bbox 1294 1183 1357 1248; x_wconf 87' lang='lat' dir='ltr'>for·</span> 
     </span>
     <span class='ocr_line' id='line_1_9' title="bbox 207 1288 1359 1376; baseline 0.004 -23"><span class='ocrx_word' id='word_1_65' title='bbox 207 1309 297 1354; x_wconf 86' lang='lat' dir='ltr'>mosa</span> <span class='ocrx_word' id='word_1_66' title='bbox 317 1289 458 1371; x_wconf 88' lang='lat' dir='ltr'>muliere,</span> <span class='ocrx_word' id='word_1_67' title='bbox 481 1290 636 1372; x_wconf 90' lang='lat' dir='ltr'>cervicem</span> <span class='ocrx_word' id='word_1_68' title='bbox 657 1288 698 1355; x_wconf 90' lang='lat' dir='ltr'>ab</span> <span class='ocrx_word' id='word_1_69' title='bbox 719 1311 811 1374; x_wconf 86' lang='lat' dir='ltr'>equo,</span> <span class='ocrx_word' id='word_1_70' title='bbox 834 1289 970 1358; x_wconf 86' lang='lat' dir='ltr'>caudam</span> <span class='ocrx_word' id='word_1_71' title='bbox 993 1292 1121 1376; x_wconf 75' lang='lat' dir='ltr'>apinae,</span> <span class='ocrx_word' id='word_1_72' title='bbox 1139 1297 1246 1358; x_wconf 89' lang='lat' dir='ltr'>cetera</span> <span class='ocrx_word' id='word_1_73' title='bbox 1262 1313 1359 1358; x_wconf 89' lang='lat' dir='ltr'>mem·</span> 
     </span>
     <span class='ocr_line' id='line_1_10' title="bbox 207 1395 1356 1481; baseline 0.004 -21"><span class='ocrx_word' id='word_1_74' title='bbox 207 1395 387 1462; x_wconf 73' lang='lat' dir='ltr'>bracariis</span> <span class='ocrx_word' id='word_1_75' title='bbox 415 1397 530 1481; x_wconf 83' lang='lat' dir='ltr'>plumis</span> <span class='ocrx_word' id='word_1_76' title='bbox 559 1397 672 1462; x_wconf 87' lang='lat' dir='ltr'>induta</span> <span class='ocrx_word' id='word_1_77' title='bbox 700 1395 741 1462; x_wconf 90' lang='lat' dir='ltr'>ab</span> <span class='ocrx_word' id='word_1_78' title='bbox 771 1397 843 1464; x_wconf 88' lang='lat' dir='ltr'>aliis</span> <span class='ocrx_word' id='word_1_79' title='bbox 872 1399 1071 1481; x_wconf 80' lang='lat' dir='ltr'>animalibus,</span> <span class='ocrx_word' id='word_1_80' title='bbox 1105 1401 1204 1468; x_wconf 89' lang='lat' dir='ltr'>risum</span> <span class='ocrx_word' id='word_1_81' title='bbox 1235 1405 1356 1478; x_wconf 79' lang='lat' dir='ltr'>movet3</span> 
     </span>
     <span class='ocr_line' id='line_1_11' title="bbox 205 1499 1357 1594; baseline 0.002 -24"><span class='ocrx_word' id='word_1_82' title='bbox 205 1525 306 1587; x_wconf 88' lang='lat' dir='ltr'>aeque</span> <span class='ocrx_word' id='word_1_83' title='bbox 335 1504 503 1570; x_wconf 90' lang='lat' dir='ltr'>ridiculum</span> <span class='ocrx_word' id='word_1_84' title='bbox 534 1511 721 1590; x_wconf 70' lang='lat' dir='ltr'>est&#39;pocma</span> <span class='ocrx_word' id='word_1_85' title='bbox 749 1527 813 1572; x_wconf 92' lang='lat' dir='ltr'>non</span> <span class='ocrx_word' id='word_1_86' title='bbox 844 1528 882 1572; x_wconf 85' lang='lat' dir='ltr'>ex</span> <span class='ocrx_word' id='word_1_87' title='bbox 912 1508 996 1592; x_wconf 86' lang='lat' dir='ltr'>aptis</span> <span class='ocrx_word' id='word_1_88' title='bbox 1025 1507 1170 1594; x_wconf 89' lang='lat' dir='ltr'>partibus</span> <span class='ocrx_word' id='word_1_89' title='bbox 1200 1499 1357 1576; x_wconf 84' lang='lat' dir='ltr'>constans.</span> 
     </span>
     <span class='ocr_line' id='line_1_12' title="bbox 206 1611 1358 1701; baseline 0.004 -23"><span class='ocrx_word' id='word_1_90' title='bbox 206 1611 307 1695; x_wconf 89' lang='lat' dir='ltr'>Apud</span> <span class='ocrx_word' id='word_1_91' title='bbox 339 1611 518 1680; x_wconf 83' lang='lat' dir='ltr'>Lucienum</span> <span class='ocrx_word' id='word_1_92' title='bbox 550 1615 646 1698; x_wconf 86' lang='lat' dir='ltr'>imag.</span> <span class='ocrx_word' id='word_1_93' title='bbox 676 1619 711 1698; x_wconf 81' lang='lat'>5,</span> <span class='ocrx_word' id='word_1_94' title='bbox 739 1615 795 1680; x_wconf 91' lang='lat' dir='ltr'>ubi</span> <span class='ocrx_word' id='word_1_95' title='bbox 827 1615 975 1700; x_wconf 83' lang='lat' dir='ltr'>Lycinna,</span> <span class='ocrx_word' id='word_1_96' title='bbox 1008 1617 1175 1701; x_wconf 91' lang='lat' dir='ltr'>pulchram</span> <span class='ocrx_word' id='word_1_97' title='bbox 1207 1615 1358 1683; x_wconf 83' lang='lat' dir='ltr'>feminam</span> 
     </span>
     <span class='ocr_line' id='line_1_13' title="bbox 208 1719 1356 1810; baseline 0.006 -25"><span class='ocrx_word' id='word_1_98' title='bbox 208 1719 436 1809; x_wconf 75' lang='lat' dir='ltr'>descripturus,</span> <span class='ocrx_word' id='word_1_99' title='bbox 466 1723 696 1808; x_wconf 88' lang='lat' dir='ltr'>pulcherrimas</span> <span class='ocrx_word' id='word_1_100' title='bbox 728 1729 837 1809; x_wconf 89' lang='lat' dir='ltr'>partes</span> <span class='ocrx_word' id='word_1_101' title='bbox 863 1725 1147 1810; x_wconf 89' lang='lat' dir='ltr'>pulcherrimorum</span> <span class='ocrx_word' id='word_1_102' title='bbox 1174 1725 1356 1810; x_wconf 86' lang='lat' dir='ltr'>Praxitelis,</span> 
     </span>
     <span class='ocr_line' id='line_1_14' title="bbox 207 1827 1358 1917; baseline 0.004 -24"><span class='ocrx_word' id='word_1_103' title='bbox 207 1827 402 1912; x_wconf 79' lang='lat' dir='ltr'>Alcamenis,</span> <span class='ocrx_word' id='word_1_104' title='bbox 426 1829 609 1912; x_wconf 76' lang='lat' dir='ltr'>Calamidis,</span> <span class='ocrx_word' id='word_1_105' title='bbox 633 1831 769 1898; x_wconf 88' lang='lat' dir='ltr'>Phidiae</span> <span class='ocrx_word' id='word_1_106' title='bbox 791 1853 922 1917; x_wconf 92' lang='lat' dir='ltr'>operum</span> <span class='ocrx_word' id='word_1_107' title='bbox 943 1833 976 1898; x_wconf 92' lang='lat' dir='ltr'>in</span> <span class='ocrx_word' id='word_1_108' title='bbox 996 1853 1093 1898; x_wconf 88' lang='lat' dir='ltr'>unam</span> <span class='ocrx_word' id='word_1_109' title='bbox 1109 1833 1358 1917; x_wconf 88' lang='lat' dir='ltr'>concinnamque</span> 
     </span>
     <span class='ocr_line' id='line_1_15' title="bbox 206 1937 1358 2025; baseline 0.004 -24"><span class='ocrx_word' id='word_1_110' title='bbox 206 1937 376 2021; x_wconf 89' lang='lat' dir='ltr'>imaginem</span> <span class='ocrx_word' id='word_1_111' title='bbox 395 1960 415 2004; x_wconf 93' lang='lat' dir='ltr'>a</span> <span class='ocrx_word' id='word_1_112' title='bbox 435 1939 559 2004; x_wconf 87' lang='lat' dir='ltr'>ratione</span> <span class='ocrx_word' id='word_1_113' title='bbox 582 1941 729 2024; x_wconf 92' lang='lat' dir='ltr'>componi</span> <span class='ocrx_word' id='word_1_114' title='bbox 750 1940 825 2020; x_wconf 83' lang='lat' dir='ltr'>vult,</span> <span class='ocrx_word' id='word_1_115' title='bbox 854 1939 1057 2025; x_wconf 77' lang='lat' dir='ltr'>Polystratus</span> <span class='ocrx_word' id='word_1_116' title='bbox 1079 1941 1250 2025; x_wconf 78' lang='lat' dir='ltr'>respondet</span> <span class='ocrx_word' id='word_1_117' title='bbox 1278 1941 1358 2006; x_wconf 89' lang='lat' dir='ltr'>haec</span> 
     </span>
     <span class='ocr_line' id='line_1_16' title="bbox 208 2034 1358 2134; baseline 0.003 -24"><span class='ocrx_word' id='word_1_118' title='bbox 208 2034 253 2125; x_wconf 80' lang='grc' dir='ltr'>,εὖ</span> <span class='ocrx_word' id='word_1_119' title='bbox 279 2043 379 2132; x_wconf 74' lang='grc' dir='ltr'>Ιλέγεις</span> <span class='ocrx_word' id='word_1_120' title='bbox 400 2048 464 2112; x_wconf 78' lang='grc' dir='ltr'>’καὶ</span> <span class='ocrx_word' id='word_1_121' title='bbox 492 2043 531 2134; x_wconf 82' lang='grc' dir='ltr'>δὴ</span> <span class='ocrx_word' id='word_1_122' title='bbox 558 2045 763 2132; x_wconf 75' lang='grc' dir='ltr'><em>παραλαβών</em></span> <span class='ocrx_word' id='word_1_123' title='bbox 791 2040 962 2114; x_wconf 80' lang='grc' dir='ltr'><strong><em>δεικνύτω.</em></strong></span> <span class='ocrx_word' id='word_1_124' title='bbox 1010 2045 1118 2114; x_wconf 77' lang='grc' dir='ltr'><em>ἐθέλοι</em></span> <span class='ocrx_word' id='word_1_125' title='bbox 1146 2044 1208 2134; x_wconf 78' lang='grc' dir='ltr'>γὰρ</span> <span class='ocrx_word' id='word_1_126' title='bbox 1240 2048 1358 2116; x_wconf 80' lang='grc' dir='ltr'><em>εἰδέναι</em></span> 
     </span>
     <span class='ocr_line' id='line_1_17' title="bbox 207 2145 1357 2242; baseline 0.004 -23"><span class='ocrx_word' id='word_1_127' title='bbox 207 2145 235 2228; x_wconf 77' lang='grc' dir='ltr'>ὅ,</span> <span class='ocrx_word' id='word_1_128' title='bbox 253 2178 285 2220; x_wconf 86' lang='grc' dir='ltr'>τι</span> <span class='ocrx_word' id='word_1_129' title='bbox 307 2155 361 2220; x_wconf 87' lang='grc' dir='ltr'>καὶ</span> <span class='ocrx_word' id='word_1_130' title='bbox 380 2150 531 2242; x_wconf 81' lang='grc' dir='ltr'><em>χρήσεται</em></span> <span class='ocrx_word' id='word_1_131' title='bbox 553 2151 667 2235; x_wconf 74' lang='grc' dir='ltr'><em>αὐταῖς</em></span> <span class='ocrx_word' id='word_1_132' title='bbox 688 2149 707 2242; x_wconf 83' lang='grc' dir='ltr'><strong><em>ἢ</em></strong></span> <span class='ocrx_word' id='word_1_133' title='bbox 728 2148 821 2234; x_wconf 83' lang='grc' dir='ltr'><em>ὅιισις</em></span> <span class='ocrx_word' id='word_1_134' title='bbox 843 2152 1073 2224; x_wconf 77' lang='grc' dir='ltr'><em>ἐκτοσούτσνν</em></span> <span class='ocrx_word' id='word_1_135' title='bbox 1094 2157 1169 2242; x_wconf 86' lang='grc' dir='ltr'><em>μίαν</em></span> <span class='ocrx_word' id='word_1_136' title='bbox 1189 2181 1262 2224; x_wconf 82' lang='grc' dir='ltr'><em>τινα</em></span> <span class='ocrx_word' id='word_1_137' title='bbox 1284 2174 1357 2224; x_wconf 84' lang='grc' dir='ltr'><em>σνν-</em></span> 
     </span>
     <span class='ocr_line' id='line_1_18' title="bbox 207 2257 1357 2352; baseline 0.005 -26"><span class='ocrx_word' id='word_1_138' title='bbox 207 2263 276 2339; x_wconf 64' lang='lat' dir='ltr'>sag</span> <span class='ocrx_word' id='word_1_139' title='bbox 294 2257 357 2328; x_wconf 83' lang='grc' dir='ltr'>ουίι</span> <span class='ocrx_word' id='word_1_140' title='bbox 380 2257 570 2352; x_wconf 75' lang='grc' dir='ltr'><em>σένιηὶόουσαν</em></span> <span class='ocrx_word' id='word_1_141' title='bbox 593 2257 825 2352; x_wconf 60' lang='grc' dir='ltr'><em>α’σιεργάσεταιί</em></span> <span class='ocrx_word' id='word_1_142' title='bbox 870 2265 992 2332; x_wconf 81' lang='lat' dir='ltr'>Similia</span> <span class='ocrx_word' id='word_1_143' title='bbox 1020 2266 1053 2330; x_wconf 90' lang='lat' dir='ltr'>in</span> <span class='ocrx_word' id='word_1_144' title='bbox 1082 2265 1131 2331; x_wconf 87' lang='lat' dir='ltr'>his</span> <span class='ocrx_word' id='word_1_145' title='bbox 1159 2266 1262 2332; x_wconf 90' lang='lat' dir='ltr'>verbis</span> <span class='ocrx_word' id='word_1_146' title='bbox 1294 2267 1357 2332; x_wconf 86' lang='lat' dir='ltr'>duo</span> 
     </span>
     <span class='ocr_line' id='line_1_19' title="bbox 208 2370 1358 2459; baseline 0.005 -25"><span class='ocrx_word' id='word_1_147' title='bbox 208 2370 331 2437; x_wconf 88' lang='lat' dir='ltr'>insunt:</span> <span class='ocrx_word' id='word_1_148' title='bbox 372 2371 457 2454; x_wconf 91' lang='lat' dir='ltr'>quod</span> <span class='ocrx_word' id='word_1_149' title='bbox 499 2373 538 2439; x_wconf 88' lang='lat' dir='ltr'>de</span> <span class='ocrx_word' id='word_1_150' title='bbox 578 2375 678 2439; x_wconf 85' lang='lat' dir='ltr'>mixta</span> <span class='ocrx_word' id='word_1_151' title='bbox 711 2373 851 2459; x_wconf 88' lang='lat' dir='ltr'>quadam</span> <span class='ocrx_word' id='word_1_152' title='bbox 883 2378 980 2457; x_wconf 83' lang='lat' dir='ltr'>atque</span> <span class='ocrx_word' id='word_1_153' title='bbox 1012 2374 1188 2458; x_wconf 84' lang='lat' dir='ltr'>composita</span> <span class='ocrx_word' id='word_1_154' title='bbox 1220 2374 1358 2459; x_wconf 84' lang='lat' dir='ltr'>imagine</span> 
     </span>
     <span class='ocr_line' id='line_1_20' title="bbox 208 2478 1356 2566; baseline 0.004 -24"><span class='ocrx_word' id='word_1_155' title='bbox 208 2478 315 2562; x_wconf 84' lang='lat' dir='ltr'>agitur</span> <span class='ocrx_word' id='word_1_156' title='bbox 337 2483 369 2544; x_wconf 82' lang='lat' dir='ltr'>ei</span> <span class='ocrx_word' id='word_1_157' title='bbox 390 2479 476 2562; x_wconf 89' lang='lat' dir='ltr'>quod</span> <span class='ocrx_word' id='word_1_158' title='bbox 497 2482 694 2548; x_wconf 81' lang='lat' dir='ltr'>concinnitas</span> <span class='ocrx_word' id='word_1_159' title='bbox 717 2482 875 2566; x_wconf 89' lang='lat' dir='ltr'>quaedam</span> <span class='ocrx_word' id='word_1_160' title='bbox 898 2482 962 2546; x_wconf 85' lang='lat' dir='ltr'>sive</span> <span class='ocrx_word' id='word_1_161' title='bbox 983 2481 1081 2566; x_wconf 89' lang='lat' dir='ltr'>ipsius</span> <span class='ocrx_word' id='word_1_162' title='bbox 1111 2481 1158 2546; x_wconf 90' lang='lat' dir='ltr'>rei</span> <span class='ocrx_word' id='word_1_163' title='bbox 1185 2482 1249 2548; x_wconf 85' lang='lat' dir='ltr'>sive</span> <span class='ocrx_word' id='word_1_164' title='bbox 1279 2483 1356 2565; x_wconf 87' lang='lat' dir='ltr'>eius,</span> 
     </span>
     <span class='ocr_line' id='line_1_21' title="bbox 207 2587 1358 2674; baseline 0.003 -22"><span class='ocrx_word' id='word_1_165' title='bbox 207 2608 344 2670; x_wconf 88' lang='lat' dir='ltr'>quacum</span> <span class='ocrx_word' id='word_1_166' title='bbox 360 2596 547 2672; x_wconf 87' lang='lat' dir='ltr'>comparata</span> <span class='ocrx_word' id='word_1_167' title='bbox 566 2595 622 2667; x_wconf 87' lang='lat' dir='ltr'>est,</span> <span class='ocrx_word' id='word_1_168' title='bbox 645 2589 833 2674; x_wconf 88' lang='lat' dir='ltr'>postulatur.</span> <span class='ocrx_word' id='word_1_169' title='bbox 870 2587 1015 2674; x_wconf 79' lang='lat' dir='ltr'>Quarum</span> <span class='ocrx_word' id='word_1_170' title='bbox 1030 2588 1270 2654; x_wconf 90' lang='lat' dir='ltr'>similitudinum</span> <span class='ocrx_word' id='word_1_171' title='bbox 1286 2611 1358 2656; x_wconf 90' lang='lat' dir='ltr'>cnm</span> 
     </span>
     <span class='ocr_line' id='line_1_22' title="bbox 207 2693 1358 2782; baseline 0.005 -24"><span class='ocrx_word' id='word_1_172' title='bbox 207 2693 294 2774; x_wconf 88' lang='lat' dir='ltr'>haec,</span> <span class='ocrx_word' id='word_1_173' title='bbox 326 2718 407 2780; x_wconf 87' lang='lat' dir='ltr'>quae</span> <span class='ocrx_word' id='word_1_174' title='bbox 429 2720 468 2762; x_wconf 88' lang='lat' dir='ltr'>ex</span> <span class='ocrx_word' id='word_1_175' title='bbox 490 2698 560 2781; x_wconf 89' lang='lat' dir='ltr'>ipsa</span> <span class='ocrx_word' id='word_1_176' title='bbox 584 2699 702 2782; x_wconf 87' lang='lat' dir='ltr'>incepti</span> <span class='ocrx_word' id='word_1_177' title='bbox 722 2702 840 2764; x_wconf 87' lang='lat' dir='ltr'>natura</span> <span class='ocrx_word' id='word_1_178' title='bbox 860 2697 1011 2782; x_wconf 86' lang='lat' dir='ltr'>sequitur,</span> <span class='ocrx_word' id='word_1_179' title='bbox 1041 2697 1130 2762; x_wconf 91' lang='lat' dir='ltr'>nihili</span> <span class='ocrx_word' id='word_1_180' title='bbox 1159 2697 1358 2764; x_wconf 87' lang='lat' dir='ltr'>aestimanda</span> 
     </span>
     <span class='ocr_line' id='line_1_23' title="bbox 207 2804 1358 2890; baseline 0.003 -23"><span class='ocrx_word' id='word_1_181' title='bbox 207 2804 257 2885; x_wconf 89' lang='lat' dir='ltr'>sit,</span> <span class='ocrx_word' id='word_1_182' title='bbox 288 2811 395 2871; x_wconf 89' lang='lat' dir='ltr'>manet</span> <span class='ocrx_word' id='word_1_183' title='bbox 416 2805 480 2884; x_wconf 89' lang='lat' dir='ltr'>illa,</span> <span class='ocrx_word' id='word_1_184' title='bbox 517 2805 603 2888; x_wconf 90' lang='lat' dir='ltr'>quod</span> <span class='ocrx_word' id='word_1_185' title='bbox 632 2806 672 2871; x_wconf 88' lang='lat' dir='ltr'>de</span> <span class='ocrx_word' id='word_1_186' title='bbox 701 2806 840 2890; x_wconf 87' lang='lat' dir='ltr'>imagine</span> <span class='ocrx_word' id='word_1_187' title='bbox 870 2825 908 2870; x_wconf 83' lang='lat' dir='ltr'>ex</span> <span class='ocrx_word' id='word_1_188' title='bbox 929 2806 1024 2871; x_wconf 85' lang='lat' dir='ltr'>variis</span> <span class='ocrx_word' id='word_1_189' title='bbox 1053 2804 1148 2870; x_wconf 89' lang='lat' dir='ltr'>rebus</span> <span class='ocrx_word' id='word_1_190' title='bbox 1182 2807 1358 2890; x_wconf 88' lang='lat' dir='ltr'>composita</span> 
     </span>
     <span class='ocr_line' id='line_1_24' title="bbox 205 2911 1358 3004; baseline 0.002 -28"><span class='ocrx_word' id='word_1_191' title='bbox 205 2917 340 2996; x_wconf 87' lang='lat' dir='ltr'>uterque</span> <span class='ocrx_word' id='word_1_192' title='bbox 363 2913 447 2980; x_wconf 89' lang='lat' dir='ltr'>dicit.</span> <span class='ocrx_word' id='word_1_193' title='bbox 478 2911 519 2976; x_wconf 94' lang='lat' dir='ltr'>In</span> <span class='ocrx_word' id='word_1_194' title='bbox 534 2912 596 2978; x_wconf 85' lang='lat' dir='ltr'>hoo</span> <span class='ocrx_word' id='word_1_195' title='bbox 611 2919 719 2979; x_wconf 89' lang='lat' dir='ltr'>autem</span> <span class='ocrx_word' id='word_1_196' title='bbox 733 2913 871 3004; x_wconf 83' lang='lat' dir='ltr'>imagine</span> <span class='ocrx_word' id='word_1_197' title='bbox 886 2911 1095 2978; x_wconf 87' lang='lat' dir='ltr'>describenda</span> <span class='ocrx_word' id='word_1_198' title='bbox 1109 2933 1181 2977; x_wconf 91' lang='lat' dir='ltr'>cum</span> <span class='ocrx_word' id='word_1_199' title='bbox 1195 2911 1358 2978; x_wconf 81' lang='lat' dir='ltr'>Lucienus</span> 
     </span>
     <span class='ocr_line' id='line_1_25' title="bbox 206 3020 1358 3106; baseline 0.002 -23"><span class='ocrx_word' id='word_1_200' title='bbox 206 3041 239 3084; x_wconf 87' lang='lat' dir='ltr'>se</span> <span class='ocrx_word' id='word_1_201' title='bbox 261 3022 336 3103; x_wconf 87' lang='lat' dir='ltr'>(riou</span> <span class='ocrx_word' id='word_1_202' title='bbox 351 3021 546 3106; x_wconf 87' lang='lat' dir='ltr'>Menippum,</span> <span class='ocrx_word' id='word_1_203' title='bbox 570 3022 638 3104; x_wconf 86' lang='lat' dir='ltr'>sed)</span> <span class='ocrx_word' id='word_1_204' title='bbox 654 3021 834 3088; x_wconf 89' lang='lat' dir='ltr'>Homerum</span> <span class='ocrx_word' id='word_1_205' title='bbox 854 3022 1013 3086; x_wconf 85' lang='lat' dir='ltr'>imitatum</span> <span class='ocrx_word' id='word_1_206' title='bbox 1034 3041 1103 3086; x_wconf 86' lang='lat' dir='ltr'>esse</span> <span class='ocrx_word' id='word_1_207' title='bbox 1122 3021 1241 3106; x_wconf 86' lang='lat' dir='ltr'>apertis</span> <span class='ocrx_word' id='word_1_208' title='bbox 1255 3020 1358 3086; x_wconf 86' lang='lat' dir='ltr'>verbis</span> 
     </span>
     <span class='ocr_line' id='line_1_26' title="bbox 208 3126 1359 3215; baseline 0.003 -25"><span class='ocrx_word' id='word_1_209' title='bbox 208 3126 391 3215; x_wconf 51' lang='lat' dir='ltr'>declarem),</span> <span class='ocrx_word' id='word_1_210' title='bbox 421 3152 461 3196; x_wconf 91' lang='lat' dir='ltr'>ne</span> <span class='ocrx_word' id='word_1_211' title='bbox 483 3129 658 3197; x_wconf 87' lang='lat' dir='ltr'>Horatium</span> <span class='ocrx_word' id='word_1_212' title='bbox 681 3130 809 3215; x_wconf 88' lang='lat' dir='ltr'>quidem</span> <span class='ocrx_word' id='word_1_213' title='bbox 830 3130 891 3195; x_wconf 92' lang='lat' dir='ltr'>hoc</span> <span class='ocrx_word' id='word_1_214' title='bbox 912 3128 982 3194; x_wconf 94' lang='lat' dir='ltr'>loco</span> <span class='ocrx_word' id='word_1_215' title='bbox 1003 3127 1190 3214; x_wconf 88' lang='lat' dir='ltr'>Menippum</span> <span class='ocrx_word' id='word_1_216' title='bbox 1216 3135 1359 3196; x_wconf 89' lang='lat' dir='ltr'>secutum</span> 
     </span>
     <span class='ocr_line' id='line_1_27' title="bbox 207 3233 445 3304; baseline 0.017 -4"><span class='ocrx_word' id='word_1_217' title='bbox 207 3255 275 3300; x_wconf 87' lang='lat' dir='ltr'>esse</span> <span class='ocrx_word' id='word_1_218' title='bbox 298 3233 445 3304; x_wconf 85' lang='lat' dir='ltr'>dicemus.</span> 
     </span>
    </p>
   </div>
   <div class='ocr_carea' id='block_1_3' title="bbox 202 3435 1360 4508">
    <p class='ocr_par' dir='ltr' id='par_1_4' title="bbox 205 3435 1359 3590">
     <span class='ocr_line' id='line_1_28' title="bbox 308 3435 1359 3516; baseline 0.009 -22"><span class='ocrx_word' id='word_1_219' title='bbox 308 3435 451 3508; x_wconf 70' lang='grc' dir='ltr'>1)ἕαοιο“ν</span> <span class='ocrx_word' id='word_1_220' title='bbox 477 3442 588 3497; x_wconf 76' lang='grc' dir='ltr'>δάκνειν</span> <span class='ocrx_word' id='word_1_221' title='bbox 609 3442 799 3513; x_wconf 79' lang='lat' dir='ltr'>Aristophanes</span> <span class='ocrx_word' id='word_1_222' title='bbox 826 3462 880 3500; x_wconf 85' lang='lat' dir='ltr'>ron.</span> <span class='ocrx_word' id='word_1_223' title='bbox 904 3445 945 3511; x_wconf 84' lang='grc'>43,</span> <span class='ocrx_word' id='word_1_224' title='bbox 968 3459 1040 3514; x_wconf 81' lang='lat' dir='ltr'>vesp.</span> <span class='ocrx_word' id='word_1_225' title='bbox 1067 3446 1117 3499; x_wconf 80' lang='grc'>778</span> <span class='ocrx_word' id='word_1_226' title='bbox 1144 3464 1190 3516; x_wconf 88' lang='lat' dir='ltr'>pro</span> <span class='ocrx_word' id='word_1_227' title='bbox 1220 3447 1285 3513; x_wconf 88' lang='lat' dir='ltr'>‚sich</span> <span class='ocrx_word' id='word_1_228' title='bbox 1311 3448 1359 3504; x_wconf 85' lang='lat' dir='ltr'>das</span> 
     </span>
     <span class='ocr_line' id='line_1_29' title="bbox 205 3533 621 3590; baseline 0.005 -4"><span class='ocrx_word' id='word_1_229' title='bbox 205 3533 310 3589; x_wconf 79' lang='lat' dir='ltr'>Laches</span> <span class='ocrx_word' id='word_1_230' title='bbox 329 3533 488 3589; x_wconf 86' lang='lat' dir='ltr'>verbeissen‘</span> <span class='ocrx_word' id='word_1_231' title='bbox 505 3535 621 3590; x_wconf 81' lang='lat' dir='ltr'>adhibet.</span> 
     </span>
    </p>

    <p class='ocr_par' dir='ltr' id='par_1_5' title="bbox 308 3623 1097 3699">
     <span class='ocr_line' id='line_1_30' title="bbox 308 3623 1097 3699; baseline 0.003 -19"><span class='ocrx_word' id='word_1_232' title='bbox 308 3623 328 3693; x_wconf 83' lang='lat'>²)</span> <span class='ocrx_word' id='word_1_233' title='bbox 346 3625 393 3681; x_wconf 83' lang='lat' dir='ltr'>cir.</span> <span class='ocrx_word' id='word_1_234' title='bbox 411 3625 546 3696; x_wconf 87' lang='lat' dir='ltr'>Wyttenb.</span> <span class='ocrx_word' id='word_1_235' title='bbox 567 3626 601 3680; x_wconf 85' lang='lat' dir='ltr'>ad</span> <span class='ocrx_word' id='word_1_236' title='bbox 618 3627 720 3694; x_wconf 84' lang='lat' dir='ltr'>Eunap.</span> <span class='ocrx_word' id='word_1_237' title='bbox 739 3643 764 3694; x_wconf 84' lang='lat' dir='ltr'>p·</span> <span class='ocrx_word' id='word_1_238' title='bbox 785 3628 843 3693; x_wconf 77' lang='lat'>109,</span> <span class='ocrx_word' id='word_1_239' title='bbox 862 3628 981 3683; x_wconf 85' lang='lat' dir='ltr'>Boisson.</span> <span class='ocrx_word' id='word_1_240' title='bbox 995 3646 1020 3699; x_wconf 92' lang='lat' dir='ltr'>p.</span> <span class='ocrx_word' id='word_1_241' title='bbox 1038 3628 1097 3682; x_wconf 84' lang='grc'><strong>348.</strong></span> 
     </span>
    </p>

    <p class='ocr_par' dir='ltr' id='par_1_6' title="bbox 309 3713 1129 3786">
     <span class='ocr_line' id='line_1_31' title="bbox 309 3713 1129 3786; baseline 0.005 -17"><span class='ocrx_word' id='word_1_242' title='bbox 309 3713 328 3784; x_wconf 69' lang='lat'>³)</span> <span class='ocrx_word' id='word_1_243' title='bbox 348 3716 394 3771; x_wconf 82' lang='lat' dir='ltr'>cfr.</span> <span class='ocrx_word' id='word_1_244' title='bbox 414 3717 495 3770; x_wconf 86' lang='lat' dir='ltr'>etium</span> <span class='ocrx_word' id='word_1_245' title='bbox 513 3715 625 3780; x_wconf 77' lang='lat' dir='ltr'>Quintil.</span> <span class='ocrx_word' id='word_1_246' title='bbox 644 3717 669 3770; x_wconf 90' lang='lat' dir='ltr'>X</span> <span class='ocrx_word' id='word_1_247' title='bbox 689 3717 713 3782; x_wconf 88' lang='grc'>3,</span> <span class='ocrx_word' id='word_1_248' title='bbox 734 3717 782 3786; x_wconf 79' lang='grc'>21;</span> <span class='ocrx_word' id='word_1_249' title='bbox 801 3717 841 3771; x_wconf 88' lang='grc' dir='ltr'>ΧΙ</span> <span class='ocrx_word' id='word_1_250' title='bbox 859 3719 883 3783; x_wconf 89' lang='grc'>3,</span> <span class='ocrx_word' id='word_1_251' title='bbox 902 3719 958 3773; x_wconf 84' lang='grc'><strong>158.</strong></span> <span class='ocrx_word' id='word_1_252' title='bbox 1124 3773 1129 3783; x_wconf 75' lang='grc'><strong>,</strong></span> 
     </span>
    </p>

    <p class='ocr_par' dir='ltr' id='par_1_7' title="bbox 202 3800 1360 4508">
     <span class='ocr_line' id='line_1_32' title="bbox 307 3800 1359 3879; baseline 0.002 -19"><span class='ocrx_word' id='word_1_253' title='bbox 307 3807 328 3876; x_wconf 85' lang='lat'>⁴)</span> <span class='ocrx_word' id='word_1_254' title='bbox 348 3823 395 3876; x_wconf 89' lang='lat' dir='ltr'>pro</span> <span class='ocrx_word' id='word_1_255' title='bbox 413 3808 491 3876; x_wconf 82' lang='lat' dir='ltr'>imag.</span> <span class='ocrx_word' id='word_1_256' title='bbox 502 3808 548 3862; x_wconf 82' lang='lat'>24:</span> <span class='ocrx_word' id='word_1_257' title='bbox 568 3803 603 3875; x_wconf 82' lang='grc' dir='ltr'>,εἰ</span> <span class='ocrx_word' id='word_1_258' title='bbox 618 3803 648 3860; x_wconf 76' lang='lat' dir='ltr'>dl</span> <span class='ocrx_word' id='word_1_259' title='bbox 664 3806 710 3860; x_wconf 80' lang='lat' dir='ltr'>uui</span> <span class='ocrx_word' id='word_1_260' title='bbox 728 3800 752 3876; x_wconf 82' lang='grc' dir='ltr'>ὅ,</span> <span class='ocrx_word' id='word_1_261' title='bbox 771 3827 796 3860; x_wconf 85' lang='grc' dir='ltr'>τι</span> <span class='ocrx_word' id='word_1_262' title='bbox 815 3808 930 3875; x_wconf 74' lang='grc' dir='ltr'><em>μα’λισιοὶ</em></span> <span class='ocrx_word' id='word_1_263' title='bbox 950 3827 978 3863; x_wconf 89' lang='grc' dir='ltr'><em>σε</em></span> <span class='ocrx_word' id='word_1_264' title='bbox 996 3807 1093 3871; x_wconf 72' lang='grc' dir='ltr'><em>αὐτοῖς</em></span> <span class='ocrx_word' id='word_1_265' title='bbox 1111 3810 1227 3870; x_wconf 78' lang='grc' dir='ltr'>ἐκείναις</span> <span class='ocrx_word' id='word_1_266' title='bbox 1243 3811 1359 3879; x_wconf 56' lang='lat' dir='ltr'>(scacis</span> 
     </span>
     <span class='ocr_line' id='line_1_33' title="bbox 203 3891 1360 3968; baseline 0.006 -25"><span class='ocrx_word' id='word_1_267' title='bbox 203 3893 295 3964; x_wconf 78' lang='grc' dir='ltr'><em>θεαῖς)</em></span> <span class='ocrx_word' id='word_1_268' title='bbox 322 3896 428 3963; x_wconf 81' lang='grc' dir='ltr'>εἴκασα,</span> <span class='ocrx_word' id='word_1_269' title='bbox 453 3891 504 3948; x_wconf 75' lang='grc' dir='ltr'>οὐκ</span> <span class='ocrx_word' id='word_1_270' title='bbox 530 3893 595 3964; x_wconf 77' lang='grc' dir='ltr'><em>ἐμὸν</em></span> <span class='ocrx_word' id='word_1_271' title='bbox 617 3901 706 3960; x_wconf 80' lang='grc' dir='ltr'><em>τοῦτο,</em></span> <span class='ocrx_word' id='word_1_272' title='bbox 732 3894 791 3952; x_wconf 71' lang='grc' dir='ltr'>οὐδ’</span> <span class='ocrx_word' id='word_1_273' title='bbox 819 3891 870 3966; x_wconf 77' lang='grc' dir='ltr'>ἐγώ</span> <span class='ocrx_word' id='word_1_274' title='bbox 896 3903 1003 3966; x_wconf 76' lang='grc' dir='ltr'><em>πρῶτος</em></span> <span class='ocrx_word' id='word_1_275' title='bbox 1025 3897 1127 3968; x_wconf 71' lang='grc' dir='ltr'><em>ταύτην</em></span> <span class='ocrx_word' id='word_1_276' title='bbox 1150 3894 1281 3967; x_wconf 78' lang='grc' dir='ltr'><em>ἐτεμόμην</em></span> <span class='ocrx_word' id='word_1_277' title='bbox 1309 3897 1360 3968; x_wconf 80' lang='grc' dir='ltr'>την</span> 
     </span>
     <span class='ocr_line' id='line_1_34' title="bbox 206 3979 1359 4060; baseline 0.006 -23"><span class='ocrx_word' id='word_1_278' title='bbox 206 3979 281 4052; x_wconf 75' lang='grc' dir='ltr'><em>ὁδόν,</em></span> <span class='ocrx_word' id='word_1_279' title='bbox 300 3981 367 4040; x_wconf 81' lang='lat' dir='ltr'>oillei</span> <span class='ocrx_word' id='word_1_280' title='bbox 388 3985 486 4040; x_wconf 74' lang='grc' dir='ltr'><em>πολλοὶ</em></span> <span class='ocrx_word' id='word_1_281' title='bbox 503 3987 549 4039; x_wconf 80' lang='grc' dir='ltr'>καὶ</span> <span class='ocrx_word' id='word_1_282' title='bbox 558 3985 661 4056; x_wconf 77' lang='grc' dir='ltr'><em>α’γαθοὶ</em></span> <span class='ocrx_word' id='word_1_283' title='bbox 672 3991 793 4057; x_wconf 80' lang='grc' dir='ltr'>ποιηταί,</span> <span class='ocrx_word' id='word_1_284' title='bbox 809 3991 856 4043; x_wconf 77' lang='grc' dir='ltr'>καὶ</span> <span class='ocrx_word' id='word_1_285' title='bbox 866 3989 980 4058; x_wconf 75' lang='grc' dir='ltr'><em>μάλιστα</em></span> <span class='ocrx_word' id='word_1_286' title='bbox 992 3986 1006 4043; x_wconf 85' lang='grc' dir='ltr'><strong>ὁ</strong></span> <span class='ocrx_word' id='word_1_287' title='bbox 1019 3987 1157 4060; x_wconf 64' lang='lat' dir='ltr'>collapsi</span> <span class='ocrx_word' id='word_1_288' title='bbox 1171 3984 1359 4060; x_wconf 77' lang='grc' dir='ltr'>σὸς”ομηοσς’,</span> 
     </span>
     <span class='ocr_line' id='line_1_35' title="bbox 202 4071 1359 4152; baseline 0.005 -24"><span class='ocrx_word' id='word_1_289' title='bbox 202 4076 236 4129; x_wconf 86' lang='grc'>25</span> <span class='ocrx_word' id='word_1_290' title='bbox 261 4072 317 4140; x_wconf 78' lang='grc' dir='ltr'>,ἐπὶ</span> <span class='ocrx_word' id='word_1_291' title='bbox 339 4074 387 4140; x_wconf 83' lang='grc' dir='ltr'>μὲν</span> <span class='ocrx_word' id='word_1_292' title='bbox 408 4093 437 4143; x_wconf 78' lang='grc' dir='ltr'><em>με</em></span> <span class='ocrx_word' id='word_1_293' title='bbox 460 4077 510 4129; x_wconf 79' lang='grc' dir='ltr'>τοῦ</span> <span class='ocrx_word' id='word_1_294' title='bbox 529 4071 723 4146; x_wconf 76' lang='grc' dir='ltr'><em>Ἀγαμέμνονος</em></span> <span class='ocrx_word' id='word_1_295' title='bbox 747 4072 801 4143; x_wconf 76' lang='grc' dir='ltr'>ὅσα</span> <span class='ocrx_word' id='word_1_296' title='bbox 824 4073 892 4148; x_wconf 79' lang='grc' dir='ltr'><em>ὅσην</em></span> <span class='ocrx_word' id='word_1_297' title='bbox 915 4077 1000 4142; x_wconf 75' lang='grc' dir='ltr'><em>αὐτὸς</em></span> <span class='ocrx_word' id='word_1_298' title='bbox 1024 4083 1051 4152; x_wconf 87' lang='grc' dir='ltr'>(ί.</span> <span class='ocrx_word' id='word_1_299' title='bbox 1076 4099 1097 4137; x_wconf 83' lang='grc' dir='ltr'>θ.</span> <span class='ocrx_word' id='word_1_300' title='bbox 1113 4075 1246 4151; x_wconf 79' lang='grc' dir='ltr'><em>Ὅμηρος)</em></span> <span class='ocrx_word' id='word_1_301' title='bbox 1273 4079 1359 4148; x_wconf 70' lang='grc' dir='ltr'><em>φειδώ</em></span> 
     </span>
     <span class='ocr_line' id='line_1_36' title="bbox 204 4160 1359 4239; baseline 0.009 -23"><span class='ocrx_word' id='word_1_302' title='bbox 204 4160 353 4233; x_wconf 76' lang='grc' dir='ltr'><em>ἐποιήσατο</em></span> <span class='ocrx_word' id='word_1_303' title='bbox 373 4169 427 4220; x_wconf 78' lang='grc' dir='ltr'>τῶν</span> <span class='ocrx_word' id='word_1_304' title='bbox 444 4168 527 4236; x_wconf 75' lang='grc' dir='ltr'><em>θεῶν,</em></span> <span class='ocrx_word' id='word_1_305' title='bbox 549 4169 596 4223; x_wconf 76' lang='grc' dir='ltr'>καὶ</span> <span class='ocrx_word' id='word_1_306' title='bbox 613 4167 650 4232; x_wconf 75' lang='grc' dir='ltr'>ὥς</span> <span class='ocrx_word' id='word_1_307' title='bbox 667 4166 844 4238; x_wconf 74' lang='grc' dir='ltr'><em>ἐταμιεύσατο</em></span> <span class='ocrx_word' id='word_1_308' title='bbox 861 4168 911 4234; x_wconf 72' lang='grc' dir='ltr'>τοὶς</span> <span class='ocrx_word' id='word_1_309' title='bbox 928 4169 1037 4234; x_wconf 82' lang='grc' dir='ltr'><em>εἰκόνας</em></span> <span class='ocrx_word' id='word_1_310' title='bbox 1054 4171 1083 4233; x_wconf 79' lang='grc' dir='ltr'>ἐς</span> <span class='ocrx_word' id='word_1_311' title='bbox 1102 4168 1133 4224; x_wconf 83' lang='grc' dir='ltr'>τὸ</span> <span class='ocrx_word' id='word_1_312' title='bbox 1150 4169 1310 4239; x_wconf 72' lang='grc' dir='ltr'><em>σύμμετρον,</em></span> <span class='ocrx_word' id='word_1_313' title='bbox 1328 4167 1359 4234; x_wconf 76' lang='grc' dir='ltr'>ὃς</span> 
     </span>
     <span class='ocr_line' id='line_1_37' title="bbox 203 4249 1358 4330; baseline 0.009 -26"><span class='ocrx_word' id='word_1_314' title='bbox 203 4249 311 4320; x_wconf 83' lang='grc' dir='ltr'><em>ὄμματα</em></span> <span class='ocrx_word' id='word_1_315' title='bbox 328 4252 377 4321; x_wconf 79' lang='grc' dir='ltr'>μέν</span> <span class='ocrx_word' id='word_1_316' title='bbox 394 4273 463 4324; x_wconf 72' lang='grc' dir='ltr'><em>φησι</em></span> <span class='ocrx_word' id='word_1_317' title='bbox 483 4259 525 4328; x_wconf 89' lang='lat'><em>(11.</em></span> <span class='ocrx_word' id='word_1_318' title='bbox 544 4259 571 4312; x_wconf 89' lang='lat'>11</span> <span class='ocrx_word' id='word_1_319' title='bbox 588 4259 647 4325; x_wconf 87' lang='grc'><strong>478,</strong></span> <span class='ocrx_word' id='word_1_320' title='bbox 664 4261 726 4329; x_wconf 84' lang='grc'>479)</span> <span class='ocrx_word' id='word_1_321' title='bbox 745 4260 792 4312; x_wconf 71' lang='grc' dir='ltr'>καὶ</span> <span class='ocrx_word' id='word_1_322' title='bbox 809 4259 933 4329; x_wconf 78' lang='grc' dir='ltr'><em>κεφαλὴν</em></span> <span class='ocrx_word' id='word_1_323' title='bbox 952 4263 1041 4316; x_wconf 70' lang='grc' dir='ltr'><em>ἴκελον</em></span> <span class='ocrx_word' id='word_1_324' title='bbox 1057 4257 1143 4316; x_wconf 73' lang='grc' dir='ltr'><em>αὐτὸν</em></span> <span class='ocrx_word' id='word_1_325' title='bbox 1160 4259 1231 4316; x_wconf 82' lang='grc' dir='ltr'><em>εἶναι</em></span> <span class='ocrx_word' id='word_1_326' title='bbox 1248 4266 1284 4330; x_wconf 80' lang='grc' dir='ltr'>τῷ</span> <span class='ocrx_word' id='word_1_327' title='bbox 1302 4266 1358 4328; x_wconf 83' lang='grc' dir='ltr'>Διί,</span> 
     </span>
     <span class='ocr_line' id='line_1_38' title="bbox 203 4339 1358 4424; baseline 0.009 -27"><span class='ocrx_word' id='word_1_328' title='bbox 203 4339 318 4408; x_wconf 59' lang='lat' dir='ltr'>vuillon</span> <span class='ocrx_word' id='word_1_329' title='bbox 339 4341 370 4398; x_wconf 77' lang='lat' dir='ltr'>di</span> <span class='ocrx_word' id='word_1_330' title='bbox 387 4343 437 4415; x_wconf 74' lang='grc' dir='ltr'><em>τὴν</em></span> <span class='ocrx_word' id='word_1_331' title='bbox 455 4347 553 4417; x_wconf 73' lang='grc' dir='ltr'><em>ζώνην,</em></span> <span class='ocrx_word' id='word_1_332' title='bbox 578 4349 690 4414; x_wconf 78' lang='grc' dir='ltr'><em>στέρνον</em></span> <span class='ocrx_word' id='word_1_333' title='bbox 708 4347 738 4404; x_wconf 75' lang='grc' dir='ltr'>δὲ</span> <span class='ocrx_word' id='word_1_334' title='bbox 755 4352 792 4418; x_wconf 80' lang='grc' dir='ltr'>τῷ</span> <span class='ocrx_word' id='word_1_335' title='bbox 812 4352 973 4424; x_wconf 76' lang='grc' dir='ltr'><em>Ποσειδῶνι,</em></span> <span class='ocrx_word' id='word_1_336' title='bbox 996 4354 1111 4420; x_wconf 78' lang='grc' dir='ltr'><em>διαιρῶν</em></span> <span class='ocrx_word' id='word_1_337' title='bbox 1132 4351 1181 4408; x_wconf 80' lang='grc' dir='ltr'>σὺν</span> <span class='ocrx_word' id='word_1_338' title='bbox 1205 4350 1358 4419; x_wconf 80' lang='grc' dir='ltr'><em>ἄνθρωπον</em></span> 
     </span>
     <span class='ocr_line' id='line_1_39' title="bbox 203 4431 838 4508; baseline 0.016 -24"><span class='ocrx_word' id='word_1_339' title='bbox 203 4431 274 4494; x_wconf 72' lang='grc' dir='ltr'><em>κατὰ</em></span> <span class='ocrx_word' id='word_1_340' title='bbox 291 4433 356 4508; x_wconf 77' lang='grc' dir='ltr'><em>μέλη</em></span> <span class='ocrx_word' id='word_1_341' title='bbox 377 4435 448 4504; x_wconf 81' lang='grc' dir='ltr'><strong><em>πρὸς</em></strong></span> <span class='ocrx_word' id='word_1_342' title='bbox 466 4437 605 4500; x_wconf 76' lang='grc' dir='ltr'><em>τοσούτων</em></span> <span class='ocrx_word' id='word_1_343' title='bbox 622 4442 696 4502; x_wconf 77' lang='grc' dir='ltr'><em>θεῶν</em></span> <span class='ocrx_word' id='word_1_344' title='bbox 713 4438 838 4506; x_wconf 54' lang='grc' dir='ltr'><em>εἰκόνσςῆ</em></span> 
     </span>
    </p>
   </div>
   <div class='ocr_carea' id='block_1_4' title="bbox 0 0 1658 4926">
    <p class='ocr_par' dir='ltr' id='par_1_8' title="bbox 0 0 1658 4926">
     <span class='ocr_line' id='line_1_40' title="bbox 0 0 1658 4926; baseline 0 0"><span class='ocrx_word' id='word_1_345' title='bbox 0 0 1658 4926; x_wconf 95' lang='lat' dir='ltr'> </span> 
     </span>
    </p>
   </div>
  </div>
 </body>
</html>
