3306 4926
742 380 973 448 Ι-38-

288 537 476 635 argumenta
503 551 711 634 conquireret,
741 552 855 636 quibus
875 552 1068 618 Promethea
1090 573 1109 618 a
1133 550 1226 618 (lovis
1254 552 1438 618 criminibus

289 658 481 724 defenderet.
527 657 611 723 Tum
639 679 713 725 vcro
743 661 844 725 omnis
871 681 976 740 causa,
1006 679 1063 724 cur
1084 660 1223 726 Horatio
1252 659 1437 743 Menippum

289 771 363 830 ante
393 765 499 832 oculos
529 764 732 860 obuersatum
761 788 829 832 esse
857 768 1032 851 opinemur,
1062 767 1209 832 concidit.
1264 767 1438 834 Praeterea

288 874 373 939 hunc
389 873 606 940 Horatianum
627 874 730 940 locum
746 875 874 940 omnino
896 881 962 942 tam
983 875 1174 960 singularem
1190 897 1266 956 esse,
1289 881 1326 941 ut
1340 875 1438 942 ullam

288 983 474 1048 imitationis
496 983 704 1066 suspicionem
726 989 859 1064 moveat,
884 1005 976 1070 nege.
1021 983 1120 1050 Cuius
1150 985 1197 1050 rei
1225 985 1439 1050 testimonium

289 1098 338 1157 est
351 1093 510 1176 poeticum
524 1092 603 1156 illud
622 1095 717 1178 ,μισοῖ
732 1085 882 1178 μνάμονα
898 1087 1078 1179 συμπόταν*
1095 1092 1270 1160 aLuciano
1287 1115 1374 1160 conv.
1388 1097 1439 1180 31)

288 1200 449 1268 traditum.

389 1329 506 1397 Horat.
532 1329 571 1396 Π
588 1335 633 1420 ¹3,
661 1331 845 1395 253-257:
886 1327 1035 1408 ‚faciasne
1068 1328 1153 1413 quod
1185 1329 1259 1394 olim
1292 1329 1437 1395 Mutatus

289 1437 465 1504 Polemon?
506 1461 609 1524 ponas
631 1438 765 1523 iusignia
787 1435 898 1514 morbi,
921 1491 928 1506 .
951 1491 958 1505 .
980 1491 987 1504 .
1008 1444 1103 1522 potus
1125 1444 1161 1503 ut
1177 1438 1231 1503 ille
1250 1437 1378 1503 Dicitur
1400 1461 1439 1503 ex

289 1545 370 1612 eollo
393 1545 502 1612 furtim
527 1546 681 1630 carpsisse
703 1567 846 1626 coronas,
873 1545 1082 1630 Postquamst
1104 1546 1245 1630 inpransi
1274 1551 1438 1630 correptus

287 1675 364 1720 voce
382 1655 527 1739 magistri
537 1653 574 1737 λέ,
606 1653 684 1721 Luc.
706 1653 755 1720 bis
776 1675 879 1720 accus.
905 1658 943 1718 16
971 1649 1051 1736 ,κατ’
1078 1648 1229 1738 ὀλίγον..
1244 1703 1273 1721 ..
1297 1649 1438 1739 ἀνένηφε

289 1764 346 1850 (sc.
369 1757 388 1828 ὁ
411 1761 586 1850 Πολέμων)
603 1758 688 1849 πρὸς
708 1757 785 1840 τούς
806 1757 923 1847 λόγους
943 1763 997 1826 καὶ
1018 1759 1204 1847 ἀφαιρεῖται
1225 1757 1303 1840 τούς
1323 1755 1436 1844 στεφά-

288 1876 387 1948 νουςέ.
431 1858 580 1936 Adnotat
597 1877 705 1936 autem
727 1872 767 1937 A.
787 1869 1001 1949 Heinrichius,
1024 1891 1057 1935 se
1080 1891 1118 1935 ea
1137 1869 1265 1955 quidem
1286 1891 1330 1948 re,
1352 1870 1437 1954 quod

289 1982 416 2046 omnino
437 1980 555 2046 mentio
576 1979 666 2044 fieret
688 1979 729 2044 ab
751 1977 891 2044 Horatio
914 1983 946 2043 et
965 1977 1110 2043 Lucieno
1139 1978 1232 2043 huius
1254 1979 1435 2044 Polemonis

289 2089 433 2168 fabellae,
455 2109 519 2154 non
535 2093 727 2153 commotum
743 2107 819 2167 essa,
838 2092 875 2152 ut
892 2085 1081 2152 affinitatem
1096 2086 1258 2170 quandam
1272 2087 1354 2152 inter
1368 2087 1436 2152 illos

288 2197 484 2262 intercedere
504 2201 641 2280 putaret.
686 2193 781 2280 Quod
802 2200 889 2260 recte
915 2194 1001 2276 dicit,
1029 2216 1104 2259 nam
1126 2195 1291 2260 notissima
1311 2195 1367 2260 illa
1393 2199 1437 2260 est

289 2307 535 2391 saepissimeque
555 2304 692 2389 prodiba,
712 2303 851 2372 aValcr.
864 2303 993 2370 Maxim.
1007 2301 1059 2370 VI
1077 2307 1095 2368 9
1111 2311 1171 2372 ext.
1188 2309 1216 2386 l,
1240 2325 1260 2368 a
1274 2304 1437 2370 Plutarch.

289 2416 328 2482 de
358 2415 477 2480 adulat.
501 2420 533 2479 et
561 2413 663 2478 amico
685 2415 734 2489 32,
763 2411 804 2477 ab
826 2411 969 2476 Arriarm
990 2410 1127 2494 Epictet.
1150 2411 1223 2478 diss,
1246 2411 1304 2477 III
1327 2417 1355 2491 l,
1389 2416 1437 2492 14,

288 2523 350 2605 IV,
380 2527 428 2603 11,
457 2525 507 2602 30,
533 2543 553 2587 a
578 2521 672 2604 Diog.
694 2519 804 2586 Laert.
829 2517 881 2587 IV
903 2523 932 2600 3,
963 2523 979 2584 1
1004 2541 1061 2603 sq,
1089 2519 1130 2584 ab
1158 2519 1297 2604 Origene
1327 2526 1439 2586 contra

290 2631 419 2697 Celsum
440 2629 460 2694 I
480 2633 530 2708 64,
552 2629 610 2695 ΙΠ
633 2632 684 2710 67,
704 2649 723 2693 a
740 2627 915 2693 Themistio
937 2633 1015 2695 crat.
1031 2627 1160 2697 XXIV
1181 2651 1211 2712 p.
1227 2631 1289 2694 303
1302 2631 1330 2712 2).
1375 2626 1439 2694 Sed

289 2739 396 2820 rerba,
419 2737 535 2822 quibus
558 2758 595 2803 aa
618 2736 659 2802 ab
673 2735 837 2818 ,ambobus
858 2742 991 2802 narrata
1009 2742 1066 2818 est,
1091 2737 1134 2803 A.
1143 2736 1331 2802 Heinrichio
1352 2737 1439 2802 illam

289 2847 499 2931 suspicionem
521 2850 696 2911 moverunt.
740 2843 944 2930 Quamquam
965 2866 1004 2910 ne
1026 2845 1105 2910 haec
1127 2845 1254 2929 quidem
1281 2845 1327 2910 ita
1356 2865 1441 2910 com-

289 2961 405 3042 parata
427 2960 509 3020 sunt.
553 2953 640 3018 Nam
662 2949 739 3018 illud
770 2974 856 3036 ,voce
878 2953 1022 3037 magistri
1045 2959 1209 3037 correptus
1238 2974 1372 3020 coronas
1401 2973 1439 3017 ex

289 3065 369 3131 collo
389 3063 526 3146 carpsit‘,
556 3056 708 3145 ,ἀνένηφε
736 3056 821 3145 πρὸς
845 3055 923 3138 τούς
944 3056 1060 3146 λόγους
1080 3061 1134 3126 καὶ
1156 3056 1340 3146 ἀφαιρεῖται
1361 3058 1439 3139 τοὺς

288 3163 489 3254 οτεφάνουςέ,
512 3191 583 3235 cum
600 3170 669 3253 ipsa
684 3170 745 3235 hac
759 3169 943 3234 narratione
960 3174 1142 3235 contextum
1158 3176 1215 3252 ast,
1237 3170 1324 3253 quod
1340 3169 1439 3236 refert

289 3283 383 3348 etiam
413 3277 523 3347 Valcr.
552 3277 711 3343 Maximus
735 3277 786 3347 VI
818 3282 850 3358 9,
887 3280 903 3342 1
938 3299 1098 3358 ,coronam
1128 3279 1232 3363 capite
1261 3278 1437 3345 detractam

288 3388 442 3475 proiecit‘.
486 3385 602 3470 Itaque
619 3385 669 3450 bis
692 3407 818 3470 quoque
840 3386 917 3452 locis
936 3387 978 3454 A.
999 3385 1204 3452 Heinrichius
1225 3388 1355 3454 nimiam
1376 3389 1437 3453 rim

287 3497 408 3564 tribuit.

389 3603 506 3670 Horat.
534 3607 593 3667 sat.
622 3601 641 3667 Ι
669 3605 719 3685 10,
748 3606 806 3670 71:
837 3601 951 3686 ,Saepe
980 3606 1077 3686 caput
1108 3600 1260 3682 scaberet,
1295 3603 1380 3667 vivos
1407 3606 1439 3667 et

287 3711 417 3778 roderet
444 3715 586 3795 ungues‘,
617 3709 696 3778 Luc.
725 3710 838 3795 dialog.
869 3711 954 3777 deor.
976 3709 1091 3775 XXII
1121 3713 1137 3775 1
1170 3713 1210 3790 ,τί
1239 3705 1351 3774 δακών
1378 3705 1437 3774 τὸν

288 3811 450 3884 δάκτυλον
473 3824 574 3903 ζητεῖς
595 3817 648 3881 καὶ
668 3815 720 3881 ἐπὶ
739 3813 826 3882 πολὺ
842 3812 999 3902 decoetus
1021 3818 1138 3884 rhetor.
1150 3822 1307 3901 praecept.
1322 3821 1359 3882 11
1377 3811 1439 3901 ,ad-

288 3923 394 4014 ρήσεις
406 3977 431 3995 ..
445 3978 451 3992 .
464 3920 588 4011 ἄνδρα.
601 3978 608 3994 .
622 3978 629 3994 .
641 3929 690 4012 τῷ
713 3921 866 4013 δακτύλῳ
891 3921 983 4012 ἄκρῳ
1005 3921 1064 4012 τὴν
1086 3923 1229 4012 κεφαλὴν
1249 3920 1437 4011 κνώμενον.

289 4036 326 4104 Si
344 4035 459 4100 Lucilii
481 4039 539 4101 sat.
561 4034 653 4119 frgm.
676 4034 819 4118 XXIX,
841 4039 881 4102 25
901 4057 932 4119 p.
957 4037 1017 4100 115
1041 4034 1089 4102 ed.
1110 4033 1206 4101 Muel.
1229 4033 1290 4110 ,hic
1311 4058 1361 4101 me
1384 4033 1438 4100 ubi

287 4145 375 4228 vidit,
399 4141 630 4224 subblanditur,
653 4143 812 4228 palpatur,
835 4148 933 4227 caput
947 4142 1068 4226 scabit‘,
1092 4142 1178 4228 quod
1199 4163 1275 4210 sane
1291 4143 1330 4210 de
1350 4141 1437 4208 blan·

291 4297 520 4312 μ

391 4375 412 4446 ¹)
429 4373 462 4430 ad
479 4373 549 4444 quod
566 4374 679 4430 Solanns
699 4375 762 4431 Luc.
781 4375 823 4432 ed.
841 4377 948 4446 Bipont.
966 4377 1066 4430 confert
1084 4375 1156 4430 Plut.
1176 4375 1249 4431 1087.

391 4465 411 4538 ’γ
430 4467 517 4522 Herm.
538 4465 702 4523 Fritnschius
719 4467 767 4524 bos
785 4467 858 4522 locos
877 4467 966 4524 adnot.
986 4484 1009 4524 a.
1027 4468 1053 4524 h.
1068 4467 1088 4522 l.
1107 4467 1227 4522 collocet.
