3306 4926
696 363 906 426 ...11-

224 535 321 620 ipsius
343 533 463 600 Horati
484 556 532 618 ep.
555 533 592 600 II
616 539 645 616 2,
676 538 718 600 60
745 533 883 614 ,Bioneis
913 532 1111 600 sermonibus
1138 535 1170 598 et
1192 532 1257 598 sale
1279 531 1380 614 nigro‘

225 649 256 712 et
288 665 327 708 ex
354 643 445 709 initio
474 644 557 708 vitae
579 642 781 710 Horatianae
805 642 946 723 Suetoni,
979 643 1065 726 quod
1095 663 1168 706 cum
1198 640 1382 706 narratione

224 751 334 818 Bionis
366 774 386 816 a
417 751 512 836 Diog.
540 751 686 838 Laert1)
717 752 839 816 tradita
868 752 934 816 fere
964 751 1075 816 iisdem
1105 749 1210 816 verbis
1238 749 1382 834 repetitis

223 866 391 944 congruat,
415 861 507 925 elicit.
552 860 727 926 Horatium
743 861 836 941 enim,
860 881 931 925 cum
947 857 1050 925 Lucili
1065 865 1209 926 saturam
1231 859 1276 943 (et
1292 879 1383 922 suam

222 971 351 1054 quoque
384 969 540 1055 saturam)
569 969 711 1035 nominet
739 968 886 1048 ,Bioneos
919 989 1080 1034 sermones
1108 974 1139 1033 et
1168 969 1216 1032 sal
1237 969 1382 1051 nigrum‘,

222 1079 408 1162 Menippum
432 1084 573 1163 tangere,
598 1080 652 1162 qui
676 1101 715 1143 ex
737 1077 849 1144 eodem
870 1077 974 1142 Bione
996 1076 1146 1156 hauserit,
1177 1082 1208 1141 et
1231 1077 1317 1160 qnod
1341 1075 1383 1139 ad
1444 1129 1445 1138 ,

222 1188 326 1252 locum
347 1185 435 1252 illum
457 1188 541 1252 vitae
558 1187 761 1254 Horatianos
784 1208 856 1251 cum
871 1185 1033 1270 Diogenis.
1048 1184 1161 1250 Laerti
1182 1185 1287 1252 verbis
1311 1205 1382 1250 con-

165 1283 168 1290 *
222 1297 398 1361 venientem
413 1297 538 1377 attinet,
560 1317 624 1361 non
643 1296 749 1374 fuisse,
768 1317 825 1360 cur
840 1295 924 1360 Bion
940 1293 1156 1376 adhiberetur,
1180 1295 1239 1358 nisi
1255 1300 1384 1377 praeter

223 1405 459 1470 similitudinem
481 1404 669 1488 ignobilium
691 1410 860 1489 parentum
884 1404 986 1468 altera
1014 1425 1114 1487 eaque
1144 1404 1272 1487 gravior
1301 1402 1384 1466 sirni-

221 1512 322 1576 litudo
354 1513 437 1578 inter
470 1512 606 1577 Bionem
640 1513 879 1597 Horatiumque
913 1512 1099 1594 exstitisset,
1133 1512 1219 1596 quod
1249 1511 1383 1576 Bionem

221 1619 401 1704 Menippus,
434 1619 622 1704 Menippum
643 1620 802 1686 Horatius
832 1626 959 1686 secutus
987 1627 1070 1686 esset
1092 1621 1145 1700 (de
1175 1621 1224 1686 his
1255 1619 1384 1684 somniis

223 1749 251 1792 v.
272 1749 303 1812 p.
329 1730 371 1790 25
394 1727 461 1791 eius
485 1733 653 1793 comment.
678 1729 775 1809 ,Men
798 1751 827 1795 n.
845 1729 914 1815 Hf)

324 1834 434 1898 Etiam
456 1833 663 1900 Hermannus
681 1836 879 1902 Fritzschius
894 1838 1069 1904 Horatium
1092 1860 1111 1902 a
1134 1836 1285 1919 Menippo
1309 1855 1384 1918 pen-

225 1939 300 2004 dere
324 1941 491 2022 existimat,
512 1942 554 2008 ad
577 1965 682 2026 quem,
708 1967 778 2009 cnm
793 1944 952 2012 Varronis
973 1947 1095 2030 legeret
1110 1951 1168 2012 sat.
1185 1943 1383 2028 Menippeas

222 2070 323 2132 paene
345 2051 534 2118 necessitate
558 2053 699 2136 quadam
723 2053 837 2119 ductus
860 2055 965 2121 fuerit.

322 2163 443 2225 Contra
462 2166 633 2245 utrumque
649 2162 690 2228 A.
704 2157 909 2229 Heinriohius
932 2170 1063 2249 pugnat.
1108 2164 1219 2246 Atque
1242 2162 1380 2245 primum

224 2263 312 2345 illud,
341 2266 428 2348 quod
449 2267 508 2334 Th.
530 2269 727 2335 Fritzschins
751 2294 790 2336 ex
811 2272 929 2338 Horat.
954 2272 1187 2356 ep.112,60
1216 2268 1384 2346 concludit,

222 2377 310 2437 recte
343 2375 443 2440 reicit.
501 2375 626 2442 Deinde
664 2401 704 2444 ne
743 2381 981 2446 similitudinem
1016 2379 1152 2465 quidem,
1186 2400 1268 2462 quae
1300 2378 1385 2442 inter

222 2480 426 2577 Horatianae
448 2483 533 2548 vitae
555 2486 678 2551 initium
702 2493 734 2551 et
756 2511 934 2554 sermonem
955 2491 1043 2555 illum
1063 2490 1174 2556 Bionis
1196 2487 1383 2567 intercedat,

222 2615 295 2657 cum
327 2593 383 2656 illa
396 2607 400 2614 '
413 2591 510 2656 verba
539 2593 626 2690 apud
655 2595 842 2662 Suetonium
869 2599 1062 2682 interpolata
1090 2600 1168 2679 sint,
1210 2596 1385 2682 quidquam

222 2700 329 2764 valere
352 2699 559 2766 demonstrat.
605 2697 687 2766 Tum
709 2703 742 2766 in
762 2726 920 2770 summum
941 2707 1029 2786 illud,
1051 2729 1127 2771 num
1142 2706 1299 2770 Horatius
1318 2704 1385 2769 Me-

222 2810 319 2892 nippo
343 2831 420 2874 usus
442 2809 491 2888 sit,
522 2811 665 2894 inquirit.
707 2811 819 2897 Atque
850 2836 907 2880 suo
937 2816 1009 2900 jure
1042 2816 1072 2878 in
1107 2836 1146 2879 ea
1176 2836 1211 2879 re
1244 2812 1384 2891 offendit,

222 2917 309 3001 quod
333 2916 507 2982 Horatium
531 2939 570 2984 ea
592 2918 631 2983 de
654 2941 761 3003 causa,
795 2917 871 3005 quia
893 2925 1037 2989 conscius
1060 2921 1119 2988 sibi
1141 2921 1261 3003 fuisset,
1283 2921 1385 2986 multa

222 3047 255 3090 se
277 3025 430 3108 Menippo
452 3025 576 3106 debere,
600 3029 792 3093 mentionem
816 3031 882 3095 eius
905 3053 969 3096 non
986 3031 1098 3097 fecisse
1114 3029 1174 3095 Th.
1187 3029 1384 3094 Fritzschius

224 3132 306 3200 dicit.
350 3132 437 3198 Nam
458 3133 543 3198 hano
565 3156 695 3200 causam
725 3137 844 3202 nullam
870 3140 933 3203 vim
963 3139 1022 3203 sibi
1051 3137 1178 3217 habere,
1210 3137 1384 3202 Horatium

222 3240 327 3323 ipsum
355 3243 553 3324 apertissime
581 3245 767 3326 ostendisse,
798 3269 869 3310 oum
902 3244 1068 3328 Alcaeum,
1098 3247 1238 3332 Sappho,
1269 3247 1384 3312 Archi·

220 3347 358 3430 lechum,
391 3350 470 3414 alios
492 3371 550 3434 pro
572 3353 716 3436 exemplo
739 3352 798 3418 sibi
827 3353 924 3420 fuisse
952 3354 1097 3438 profiteri
1127 3377 1190 3422 non
1211 3359 1382 3420 vereretur.

223 3455 319 3542 Quod
361 3463 467 3522 autem
503 3457 679 3524 Horatium
715 3459 867 3546 Menippo
904 3483 969 3527 non
1005 3484 1097 3527 nsum
1142 3484 1210 3527 esse
1248 3484 1286 3526 ex
1323 3461 1384 3526 hoc

222 3565 346 3630 silentio
386 3567 499 3648 sumit,
536 3567 622 3632 ultra
655 3569 893 3652 probabilitatis
923 3573 1076 3636 terminos
1106 3570 1150 3636 A.
1177 3570 1384 3635 Heinriohius

223 3692 369 3756 egressus
400 3693 468 3738 esse
501 3674 578 3739 mihi
607 3676 741 3742 videtur.
801 3678 888 3743 Nam
920 3701 985 3744 non
1014 3700 1131 3757 omnen,
1159 3677 1274 3761 quibus
1305 3701 1384 3744 usus

224 3787 282 3858 est,
320 3783 507 3846 nominatim
539 3783 714 3850 Horatium
751 3789 941 3871 appellasse,
976 3809 1047 3853 cum
1092 3788 1166 3852 olim
1204 3788 1383 3869 constabat,

225 3891 301 3967 tum,
324 3895 496 3973 postquam
519 3891 578 3957 nh.
598 3893 738 3958 Arnoldi
759 3895 997 3961 dissertationes
1018 3895 1057 3975 ,d.
1078 3895 1195 3980 grieoh.
1216 3896 1308 3962 Stud.
1328 3897 1384 3961 des

224 3994 347 4060 Horaz‘
369 3997 565 4081 prodierunt,
588 4003 734 4068 omnibus
753 4005 925 4088 probatum
949 4011 1006 4069 est.
1050 4003 1075 4069 J
1077 4025 1128 4068 am
1144 4011 1252 4070 manet
1266 4006 1384 4088 prima-

115 4177 116 4182 ,
223 4103 306 4168 rium
336 4105 415 4169 illud
445 4105 568 4174 Theod.
595 4110 753 4178 Fritzschi
783 4119 1018 4197 argumentum,
1052 4113 1180 4178 omnino
1210 4113 1384 4180 Horatium

224 4216 257 4275 et
278 4213 382 4296 ipsum
404 4215 533 4281 Graeca
554 4221 698 4304 exempla
721 4243 846 4286 amasse
872 4227 904 4286 et
930 4221 1000 4286 aliis
1026 4220 1274 4286 commendasse.
1319 4221 1384 4288 Sed

225 4321 321 4386 etiam
345 4322 406 4386 hoc
429 4333 653 4414 argumentum
675 4329 716 4396 ab
740 4327 781 4397 A.
799 4329 988 4397 Heinriohio
1011 4327 1092 4396 bene
1121 4329 1295 4396 refutatum
1326 4335 1382 4414 est,

330 4470 351 4537 ¹)
368 4469 405 4524 IV
425 4472 447 4536 7,
470 4473 491 4530 l.
