3306 4926
675 355 716 365 —
764 322 803 382 lo
846 357 902 366 —-

199 493 303 557 locum
326 491 515 574 scriptorem
530 489 712 554 Romanum
731 488 885 586 redolere,
910 491 980 574 quis
1003 489 1223 556 demonstret?
1244 489 1359 575 Neque

202 601 282 666 enim
303 599 372 664 fieri
394 599 507 682 potuit,
531 599 607 680 quin
629 597 800 678 Lucienus,
825 599 851 663 si
875 599 1002 664 omnino
1018 598 1239 665 Romanorum
1263 600 1359 664 ratio·
1445 687 1446 690 Ἴ
1476 669 1477 677 .

200 731 272 774 nem
293 707 445 786 habebat,
471 728 545 772 raro
568 705 611 772 ad
633 727 686 772 eos
708 708 890 790 respiceret,
917 707 1034 790 quippe
1058 709 1167 790 quiin
1190 709 1306 775 litteris
1326 709 1360 772 in

200 819 381 882 universum
404 815 492 879 nihili
522 815 775 880 aestimarentur.
820 814 865 878 m
893 815 927 878 in
956 837 1049 880 nsum
1077 815 1277 882 Graecorum
1307 816 1359 882 ille

199 922 336 1010 scripsit,
363 923 475 1006 quibus
497 923 567 988 illos
589 929 683 988 notos
703 943 771 988 esse
790 937 854 988 non
874 922 1052 990 constabat.
1100 924 1244 991 Graecos
1261 925 1360 1007 respi-

198 1037 296 1114 ciens,
319 1034 414 1098 etiam
428 1033 556 1096 nomina
571 1031 730 1112 Romana,
751 1053 855 1096 mores
871 1031 1036 1098 Romanos
1054 1034 1228 1098 transtulit.
1265 1031 1360 1116 Quod

201 1143 381 1225 Scipionem
402 1139 595 1205 Africanum
626 1141 781 1223 majorem
810 1139 953 1206 confudit
984 1163 1055 1208 cum
1078 1141 1227 1225 Scipione
1249 1140 1359 1206 Aemi-

200 1249 285 1314 liano
306 1248 434 1326 minore,
462 1249 495 1311 in
518 1248 633 1312 haere
655 1268 747 1312 nemo
773 1247 895 1330 haeret,
926 1250 980 1332 qui
1006 1251 1103 1316 etiam
1124 1249 1299 1319 Horatium
1326 1249 1358 1312 in

140 1367 142 1372 '
201 1359 247 1422 sui
265 1356 375 1441 populi
397 1357 531 1420 historia
552 1377 675 1422 errasse
686 1357 709 1440 1)
732 1357 918 1423 meminerit.

300 1487 410 1550 Etiam
426 1487 513 1570 quod
528 1486 698 1570 Menippus
716 1487 891 1551 communis
904 1486 1025 1552 Horati
1042 1493 1074 1552 et
1092 1487 1228 1551 Luciani
1246 1492 1359 1552 auctor

198 1616 267 1659 esse
290 1594 413 1672 dicitur,
438 1593 650 1659 dubitandum
671 1594 748 1660 mihi
771 1593 905 1662 videtur.
950 1593 1037 1659 Nam
1059 1593 1146 1659 aliud
1169 1600 1225 1673 est,
1252 1594 1359 1658 Hora·

199 1704 278 1766 tium
310 1704 488 1768 consentire
522 1708 578 1768 aut
609 1725 681 1768 cum
712 1702 857 1768 Lucieno
887 1709 943 1768 aut
974 1725 1046 1767 cum
1072 1703 1230 1784 Varrone,
1262 1701 1359 1786 aliud,

198 1809 373 1876 Horatium
399 1812 578 1899 consentire
609 1817 666 1876 aut
696 1833 768 1876 cum
790 1809 935 1876 Lucianc
963 1818 995 1876 et
1017 1811 1169 1895 Menippo
1200 1817 1257 1876 aut
1287 1832 1358 1875 curn

198 1919 345 1987 Varrone
367 1925 399 1985 et
421 1919 582 2004 Menippo.
628 1918 704 1984 Non
726 1920 832 1984 omnia
853 1921 937 1986 enim
959 1925 1127 1984 traxerunt
1143 1918 1305 1983 Lucienus
1327 1921 1359 1982 et

199 2027 304 2096 Varro
334 2051 373 2094 ex
401 2028 545 2111 Menippi
575 2028 708 2112 scriptis.
740 2027 870 2121 'ltaque
903 2029 964 2092 nisi
997 2029 1067 2112 quis
1101 2049 1359 2111 unumquemque

197 2157 307 2202 eorum
335 2139 480 2202 locorum
508 2143 540 2202 et
567 2135 804 2202 Lucianeorum
834 2143 866 2202 et
889 2136 1180 2217 Varronianorum,
1217 2158 1296 2219 quos
1326 2137 1358 2200 in

197 2246 468 2326 comparationem
500 2267 571 2309 cum
601 2245 792 2310 Horatianis
825 2266 983 2324 vocamus,
1018 2267 1037 2309 a
1067 2244 1219 2328 Menippo
1254 2249 1359 2309 ortum

132 2397 135 2404 ·
200 2371 268 2416 esse
290 2351 565 2430 demonstraverit,
585 2354 671 2436 quod
692 2355 725 2418 in
740 2359 832 2418 tanta
849 2374 981 2437 operum
992 2353 1237 2437 Menippeorum
1251 2353 1359 2436 inopia

199 2461 396 2526 demontrari
419 2460 546 2524 omnino
565 2481 632 2544 non
654 2468 769 2544 potest,
799 2463 839 2528 de
862 2463 1013 2546 Menippo
1036 2461 1212 2546 quidquam
1241 2483 1280 2526 111
1305 2461 1358 2526 1110

198 2589 354 2634 consensu
376 2567 524 2651 colligere
546 2566 636 2631 nobis
657 2571 823 2636 nonlicet.
1276 2557 1277 2560 ¹

302 2697 398 2780 Quod
415 2697 635 2762 similitudines
652 2699 736 2762 inter
746 2698 928 2767 Varronem
951 2708 983 2766 et
998 2701 1173 2766 Horatium
1188 2700 1359 2784 indagatas

199 2823 262 2868 non
282 2803 328 2868 ita
345 2803 585 2886 interpretatur,
607 2811 643 2870 ut
664 2805 749 2870 hunc
763 2807 817 2898 illo
833 2829 926 2872 nsum
948 2829 1015 2874 esse
1034 2808 1131 2890 dicat,
1154 2829 1228 2873 vere
1243 2807 1358 2874 Herm.

197 2911 394 2976 Fritzschius
413 2911 499 2991 facit,
522 2935 598 2978 nam
615 2913 719 2979 Varro
743 2915 785 2980 ab
807 2938 917 2982 eorum
940 2917 1085 3001 partibus
1108 2916 1226 2999 stabat,
1249 2918 1359 3000 quiin

196 3021 309 3086 litteris
342 3021 440 3103 alia2)
490 3044 592 3107 eaque
621 3025 785 3090 contraria
818 3031 915 3109 atque
948 3025 1107 3092 Horatius
1142 3033 1358 3109 sequerentur.

198 3127 314 3194 Nonne
337 3138 445 3196 autem
468 3133 530 3197 hac
555 3131 595 3196 de
617 3153 714 3197 causa
735 3135 832 3198 etiam
854 3157 969 3217 parum
996 3135 1183 3200 verisimile
1206 3135 1358 3215 videatur,

199 3234 360 3320 Menippo,
382 3261 477 3322 quem
498 3241 590 3306 unice
603 3240 710 3308 Varro
733 3242 765 3306 in
788 3243 905 3307 saturis
927 3242 1159 3319 aemulabatur,
1183 3242 1358 3309 Horatium

198 3365 291 3410 usum
313 3345 407 3410 esse?

300 3455 343 3521 A.
352 3455 558 3522 Heinrichius
568 3457 788 3522 similitudines
803 3458 874 3523 illas
891 3479 927 3524 eo
942 3459 1081 3544 refert‚³)
1097 3460 1184 3544 quod
1195 3460 1369 3526 Lucienus-

197 3560 341 3628 hauserit
362 3585 401 3628 ex
420 3563 570 3646 Horatio,
592 3565 639 3631 ita
656 3567 880 3632 ratiocinatus:
907 3590 979 3634 cum
1001 3591 1115 3653 graves
1138 3570 1358 3636 similitudines

197 3669 281 3736 inter
301 3670 476 3738 Horatium
499 3679 531 3738 et
552 3673 731 3740 Lucianum
762 3676 970 3757 intercedant,
1002 3685 1059 3744 aut
1085 3678 1171 3744 idem
1201 3678 1358 3744 ambobus

198 3785 254 3842 aut
276 3779 329 3844 ille
351 3779 425 3844 huic
446 3783 588 3866 exemplo
622 3781 700 3862 fuit3
736 3783 814 3848 illud
845 3784 884 3850 de
905 3785 1057 3870 Menippo
1085 3786 1214 3870 quidem
1242 3787 1357 3854 falsum

199 3893 255 3966 est,
272 3909 347 3972 ergo
363 3910 473 3954 verum
488 3889 557 3955 hcc.
580 3890 614 3956 N
616 3913 658 3956 on
671 3898 779 3958 autem
794 3893 1028 3974 animadvertit,
1045 3895 1071 3959 si
1086 3917 1150 3960 non
1161 3895 1357 3980 Menippum,

198 3999 233 4059 at
256 3995 335 4061 alios
357 3998 485 4081 utrique
509 4000 652 4084 exempla
673 4000 833 4084 praebere
855 4003 1003 4086 potuisse.

198 4143 428 4158 ——ss-——n

302 4227 321 4292 ¹)
346 4225 453 4280 Teuffel.
480 4225 583 4292 ‚Geren
606 4228 630 4282 d.
649 4234 712 4286 rdm.
731 4231 807 4288 Litt‘
832 4238 846 4299 ξ
869 4236 927 4300 235,
955 4236 978 4288 6.
1090 4234 1110 4304 ²)
1139 4235 1269 4298 Ritschel.
1288 4237 1356 4293 Rhn.
1440 4181 1443 4200 ¹

198 4312 392 4381 1111111493,
418 4318 512 4388 Bergk.
539 4335 604 4376 com.
626 4320 658 4375 de
682 4322 727 4376 rel.
751 4339 816 4376 com.
835 4321 885 4378 At.
904 4327 958 4378 ant.
979 4324 1035 4377 147.
1142 4325 1161 4396 ⁸)
1180 4327 1354 4394 Wielandum,

197 4403 260 4458 Luc.
281 4407 307 4458 in
326 4407 391 4478 ling.
412 4408 498 4463 Germ.
518 4412 611 4466 transl.
630 4412 643 4466 I
661 4429 685 4480 p.
706 4414 833 4482 75,11p.
853 4416 1019 4482 22,secutus.
