3306 4926
763 335 976 402 ...18-

396 502 513 572 Horat.
535 511 594 572 sat.
618 505 657 572 Π
681 511 699 570 5
723 513 755 572 et
775 507 853 574 Luc.
877 508 949 575 dial.
971 509 1057 574 deor.
1070 507 1156 590 XII,
1177 529 1369 592 quamquam
1393 530 1450 593 pa·

282 613 402 681 ¹rodiaa
433 615 594 682 continere
623 612 760 680 Homeri
789 615 951 701 Odysseae
980 619 1092 701 negari
1122 617 1241 701 nequit,
1268 623 1376 696 tamen
1405 619 1449 684 ad

294 719 482 806 Menippum
496 722 676 790 revocanda
692 745 760 788 esse
774 723 845 789 ideo
866 723 1067 789 infitiandum
1083 730 1141 806 est,
1163 725 1240 808 quia
1254 724 1307 789 alii
1321 745 1448 808 quoque

295 829 476 898 huiusmodi
496 831 638 916 parodiis
660 831 841 897 Homericis
859 834 909 897 usi
932 839 1015 900 sunt.
1060 833 1171 900 Scatet
1196 835 1241 898 eis
1270 839 1338 900 tota
1365 855 1447 917 quae

236 953 239 960 '
295 927 418 1003 dicitur¹
431 939 538 1005 media
565 940 737 1020 comoedia,
769 962 865 1024 quam
891 947 1001 1006 notam
1030 947 1127 1024 atque
1153 941 1280 1024 saepius
1307 939 1446 1024 exemplo

294 1046 422 1130 utrique
443 1047 682 1113 fuisse-certum
704 1053 760 1114 est.

398 1152 481 1218 Tum
515 1154 601 1238 quod
631 1161 663 1220 et
695 1154 852 1218 Horatius
882 1155 915 1218 in
949 1161 1007 1222 sat.
1041 1154 1077 1219 H
1111 1158 1131 1218 5
1164 1160 1196 1219 ot
1223 1153 1386 1221 Lucienus
1418 1156 1450 1220 in

294 1258 504 1346 Necyomant.
532 1283 660 1328 scurrae
684 1267 794 1345 partes
815 1261 957 1328 Tiresiae
980 1262 1101 1344 tribuit,
1124 1262 1309 1346 Menippum
1338 1285 1451 1346 sapere

297 1366 419 1437 Theod.
448 1369 644 1436 Fritzsohius
679 1369 853 1450 contendit,
887 1369 943 1434 sed
975 1376 1108 1452 temere,
1135 1377 1179 1435 ut
1209 1369 1285 1434 mihi
1316 1369 1451 1434 videtur.

296 1476 393 1543 Certe
419 1477 506 1562 apud
526 1479 699 1544 Horatium
724 1478 795 1562 ipsa
820 1499 871 1542 res
899 1499 953 1542 eas
980 1480 1098 1563 exegit:
1134 1478 1291 1544 Horatius
1321 1479 1450 1542 enima

297 1585 507 1670 descriptione
532 1585 646 1670 Odyss.
669 1587 726 1652 XI
752 1586 892 1652 exhibita
917 1587 1079 1670 profectus
1106 1588 1140 1652 in
1168 1593 1350 1671 captatores
1374 1606 1450 1650 suae
1478 1572 1480 1576 ¹

296 1695 412 1760 aetatis
434 1694 540 1760 invehi
566 1689 761 1759 inanimum
788 1694 926 1773 induxit;
960 1695 1117 1760 Horatius
1145 1717 1241 1780 saepe
1266 1694 1299 1759 id
1326 1699 1452 1760 secutus

296 1807 362 1884 cst,
393 1808 430 1868 ut
463 1803 571 1868 ridens
606 1803 726 1868 diceret
751 1825 874 1868 verum:
908 1825 1012 1868 nonne
1045 1809 1081 1868 ut
1103 1807 1256 1870 comicam
1283 1821 1453 1888 personam

300 1909 441 1976 Tiresias
463 1917 611 1993 sumeret,
633 1912 780 1977 facillime
800 1910 868 1976 fieri
884 1910 1010 1996 potuit?

399 2037 517 2104 Horat.
541 2045 599 2106 sat.
618 2039 703 2120 115,
727 2043 867 2107 23-26:
896 2040 1024 2122 ,Captes
1051 2043 1175 2103 astutus
1201 2036 1319 2120 ubique
1341 2035 1453 2100 Testa-

298 2152 406 2212 menta
429 2169 548 2224 senum,
570 2167 642 2231 neu,
665 2149 692 2212 si
713 2147 802 2214 vafer
816 2171 897 2214 unus
916 2155 947 2214 et
963 2149 1044 2213 alter
1060 2145 1284 2212 Insidiatorem
1299 2163 1452 2228 praeroso

298 2253 416 2340 fugerit
437 2255 543 2339 hamo,
563 2255 634 2322 Aut
654 2278 742 2341 spem
765 2257 905 2341 deponas
928 2263 984 2322 aut
1007 2261 1110 2321 artem
1131 2253 1241 2318 illusus
1260 2254 1397 2318 omittas‘
1421 2258 1453 2316 et

298 2363 378 2430 Luc.
403 2363 486 2430 Tim.
514 2387 541 2432 c.
569 2369 610 2431 22
636 2360 767 2451 ,ἀληθὲς
790 2361 929 2450 ἄγοντας
954 2360 992 2430 τὸ
1020 2364 1154 2440 πένθος,
1186 2357 1254 2438 υἷος
1282 2355 1402 2437 αὐτοὺς
1431 2357 1450 2424 d

299 2465 424 2550 θύννος
445 2471 482 2539 ἐκ
502 2476 606 2559 μυχοῦ
629 2477 685 2560 τῆς
707 2467 844 2560 σαγήνης
870 2474 1021 2559 διέφυγεν
1048 2467 1111 2538 oo’x
1138 2465 1248 2555 ὀλίγον
1274 2465 1313 2535 τὸ
1340 2470 1453 2551 δέλεαρ

299 2576 483 2646 καταπιών
505 2587 537 2646 et
558 2581 632 2647 dial.
654 2589 747 2650 mort.
770 2581 822 2650 VI
842 2586 863 2647 4
886 2574 914 2664 ,ὁ
934 2583 970 2646 δὲ
990 2575 1151 2647 τοσοῦτόν
1176 2601 1232 2664 μοι
1257 2578 1371 2664 δέλεαρ
1397 2598 1453 2640 κα-

299 2683 429 2754 ταπιών
461 2682 640 2775 ἐφειστήκει
667 2690 870 2776 θαπτομένῳ
904 2682 1022 2776 πρῴην
1052 2687 1230 2774 ἐπιγελῶν.
1274 2682 1454 2752 Similitudo

299 2796 352 2862 hic
376 2797 410 2862 in
434 2817 473 2862 ea
498 2819 534 2861 re
567 2805 712 2882 apparet,
745 2799 832 2882 quod
855 2797 1025 2880 utrobique
1059 2801 1260 2878 captaturum
1286 2791 1454 2856 artificium

301 2925 373 2968 cum
394 2903 590 2988 piscatorum
613 2911 682 2970 arte
704 2910 923 2986 comparatur:
947 2903 988 2967 ab
1008 2901 1147 2965 Horatio
1170 2903 1317 2980 captator
1339 2893 1454 2977 signifi·

301 3016 393 3075 catur
414 3010 589 3090 insidiator,
619 3016 885 3076 commemoratur
905 3010 1019 3076 hamus
1038 3025 1217 3091 praerosus,
1251 3003 1328 3087 fuga
1350 3000 1455 3085 appel-

299 3120 394 3198 latur,
422 3117 508 3202 quod
534 3140 629 3183 senex
658 3119 783 3204 elapsus
810 3123 870 3195 est;
895 3137 915 3181 a
937 3116 1083 3180 Lucieno
1106 3113 1224 3178 mentio
1248 3111 1285 3176 fit
1310 3110 1392 3175 senis
1418 3114 1456 3172 ut

301 3228 426 3312 thynni,
464 3227 520 3312 qui
545 3224 582 3290 ἐκ
604 3228 708 3312 μυχοῦ
734 3222 791 3312 τῆς
816 3218 953 3312 σαγήνης
979 3225 1147 3308 διαφυγεῖν
1176 3218 1360 3304 perhibetur
1394 3216 1455 3282 οὐκ

302 3331 413 3422 ὀλίγον
439 3335 488 3400 vel
513 3337 675 3400 τοσοῦτον
703 3335 817 3419 δέλεαρ
844 3325 1025 3400 καταπιών.
1070 3329 1135 3396 Sed
1160 3327 1234 3392 huic
1261 3325 1456 3392 similitudini

304 3464 362 3507 cur
384 3442 527 3528 Menippi
548 3442 758 3507 imitationem
780 3440 907 3506 subesse
927 3446 1084 3524 putemus,
1109 3457 1174 3502 non
1194 3435 1358 3514 habemus,
1381 3453 1456 3498 nam

303 3551 549 3636 locupletissimo
576 3555 657 3614 teste
684 3549 962 3635 Hemsterhusi01)
994 3547 1120 3630 saepius
1150 3545 1230 3610 haec
1260 3541 1456 3626 comparatio

305 3661 454 3725 occurrit.
498 3659 544 3724 Ht
565 3658 717 3724 Plautum
745 3680 816 3723 eam
837 3657 976 3722 Horatio
1002 3654 1220 3738 suppeditasse
1245 3650 1392 3725 arbitror,
1416 3645 1456 3710 de

306 3789 369 3851 quo
386 3767 544 3832 disserens
559 3765 785 3850 Ribbeckius2)
800 3766 875 3830 dicit
893 3764 968 3846 „der
983 3761 1133 3828 Hrfinder
1151 3761 1238 3824 einer
1252 3757 1324 3822 List
1340 3752 1457 3837 gleicht

306 3877 408 3940 einem
434 3874 684 3956 Zimmermann,
710 3875 912 3940 Baumeister
933 3924 942 3940 .
963 3924 970 3939 .
992 3921 999 3936 .
1024 3869 1170 3948 Fischer;
1208 3868 1266 3931 das
1290 3863 1390 3948 Opfer
1415 3863 1458 3926 ist

307 3985 376 4048 eine
396 3981 564 4048 feindliche
581 3981 678 4048 Stadt
699 4036 706 4050 .
731 4031 738 4047 .
758 4005 781 4062 .;
805 3982 882 4048 oder
901 3981 958 4046 der
972 3979 1050 4044 Alte
1069 4031 1076 4046 .
1093 4029 1100 4044 .
1119 4032 1126 4045 .
1148 3976 1226 4042 wir'd
1248 3970 1458 4055 ausgewoidet

306 4091 362 4156 wie
385 4091 436 4154 oin
451 4089 558 4155 Fisch.
602 4091 663 4154 Als
679 4090 782 4156 Beute
805 4091 881 4174 geht
898 4112 932 4154 er
947 4089 996 4154 ins
1010 4089 1103 4167 Netz,
1122 4087 1157 4152 in
1172 4084 1222 4150 die
1237 4079 1454 4146 Fischreuse.“

411 4319 514 4384 ¹)an
532 4317 572 4374 ed.
590 4319 649 4388 Bip.
668 4322 734 4374 tom.
753 4319 780 4372 II
798 4337 822 4388 p.
842 4319 901 4375 440.

412 4410 433 4484 ²)
451 4408 544 4464 Gosch.
564 4407 589 4462 d.
607 4414 671 4466 r'dm.
690 4411 834 4480 Dichtnng,
852 4411 872 4463 I.
892 4409 1028 4480 Dichtung
1046 4407 1071 4462 d.
1090 4404 1219 4478 Republilr
1236 4419 1261 4474 p.
1285 4401 1344 4458 123.
