3306 4926
755 342 967 404 ..26-

288 513 374 582 certo
390 485 548 574 Horatius
574 501 690 575 nullius
720 513 898 596 exemplum
928 518 1054 578 secutus
1076 511 1178 579 affert.
1231 513 1305 581 Hoc
1329 517 1436 578 autem

289 639 447 698 concesso,
470 617 607 684 concidit
629 618 796 686 verborum
817 620 997 700 similitude,
1022 643 1118 704 quam
1137 617 1287 688 exsistere
1308 643 1437 688 necesse

287 725 354 803 fuit,
389 727 416 791 si
446 727 572 792 usitatis
605 727 711 793 verbis
745 728 902 794 Horatius
932 731 1120 795 sententiam
1151 751 1242 796 suam
1274 732 1437 814 expressit.

263 825 427 902 'Manet'
384 835 462 920 trgi
464 840 517 900 tur
464 834 573 900 tid
594 835 698 916 modo,
727 836 813 924 quod
836 843 869 902 ct
886 836 1044 904 Horatius
1072 843 1104 904 et
1090 837 1229 907 tVarro
1254 839 1342 904 illam
1369 861 1437 906 sen·

179 924 184 936 ,
286 943 433 1024 tentiam,
478 943 730 1008 brevioribust
717 945 830 1009 tunicis
862 946 1094 1012 nonnullosut
1057 947 1147 1034 uti,
1153 947 1272 1012 comice
1309 954 1437 1033 augent.

288 1048 353 1116 Sed
371 1069 410 1114 ue
432 1050 493 1115 hoc
516 1027 644 1135 quidem
667 1052 842 1136 quidquam
861 1053 979 1118 referre
1001 1060 1088 1138 puta
1111 1075 1183 1119 cum
1196 1075 1329 1140 saepius
1339 1057 1373 1143 1)
1402 1062 1438 1122 ut

289 1157 322 1222 in
355 1157 469 1242 Tigelli
505 1160 716 1245 descriptione
724 1163 760 1248 2)
794 1162 877 1231 hanc
913 1163 1065 1228 irridendi
1096 1163 1258 1248 risumque
1293 1165 1439 1232 movendi

287 1269 370 1334 viam
392 1267 511 1334 Horat'
487 1274 550 1334 trus
572 1271 734 1354 ingressus
757 1272 805 1338 sit.

388 1375 504 1444 Horat.
484 1383 613 1446 t.carm
625 1377 675 1444 IV
689 1382 737 1456 12,
758 1382 860 1445 1-6:
886 1379 974 1460 ,Jem
993 1381 1075 1446 veris
1093 1380 1231 1460 comites,
1253 1399 1336 1464 quae
1350 1401 1439 1444 mare

186 1518 188 1542 .
286 1488 474 1568 temperant,
497 1485 671 1570 Impellunt
693 1488 818 1552 animae
837 1488 935 1570 lintea
958 1488 1133 1568 Thraciam
1165 1489 1244 1555 Jam
1265 1509 1323 1552 uec
1343 1493 1440 1572 prata

286 1593 399 1675 rigent,
422 1615 481 1660 nec
503 1593 588 1658 fluvii
605 1600 751 1680 strepunt
772 1595 919 1664 Hiberna
942 1598 1013 1662 nive
1033 1597 1162 1681 turgidi.
1204 1595 1326 1662 Nidum
1340 1596 1438 1681 ponit,

286 1700 362 1785 Ityn
382 1702 529 1768 flebiliter
549 1725 687 1787 gamana,
712 1704 828 1770 Infelix
850 1706 926 1770 avis‘
949 1710 981 1770 et
995 1705 1092 1774 Varr.
1105 1710 1164 1770 sat.
1178 1704 1318 1789 Menipp.
1340 1703 1437 1790 (Ries.

207 1837 209 1844 ·
286 1811 547 1894 p.240‚X111):
569 1834 633 1891 ,uer
655 1811 808 1878 blandum
829 1814 913 1897 viget
933 1814 1024 1892 arria,
1046 1813 1137 1878 adest
1151 1813 1266 1896 hospes
1282 1812 1439 1879 hirundo‘.

287 1919 520 2002 Praeterquam
553 1921 639 2006 quod
673 1921 842 2006 utrobique
875 1921 1068 1998 hirundinis,
1107 1927 1144 1986 ut
1182 1921 1264 1986 veris
1298 1922 1438 2001 nuntiae,

288 2029 405 2094 mentio
425 2027 470 2106 fit,
500 2029 588 2094 uulla
610 2029 780 2095 similitudo
803 2031 886 2094 inter
906 2029 966 2094 has
987 2030 1069 2094 reris
1093 2029 1321 2112 descriptiones
1344 2031 1439 2094 inter·

288 2136 379 2203 cedit.
424 2135 518 2202 Haec
539 2159 604 2202 uua
626 2143 733 2204 autem
753 2159 811 2222 per
834 2160 867 2204 ιι
884 2139 962 2204 nihil
978 2138 1071 2219 valet,
1094 2159 1165 2202 cum
1181 2138 1308 2222 saepius
1319 2138 1344 2224 3)
1368 2159 1438 2202 eum

287 2246 321 2310 in
340 2243 469 2312 modum
492 2245 627 2311 hirundo
650 2245 848 2314 adhibeatur.
892 2245 1173 2330 Neque'proiecto
1195 2267 1234 2311 ex
1250 2245 1400 2330 Menippo
1411 2248 1437 2333 4)

289 2353 398 2436 cynico
429 2353 512 2426 hanc
538 2375 666 2420 suavem
693 2355 894 2440 lepidamque
916 2355 999 2422 veris
1022 2353 1265 2438 descriptionem
1292 2353 1440 2420 haustam

223 2445 226 2460 '
290 2482 357 2528 esse
378 2461 526 2529 dicemus.

390 2568 507 2638 Horat.
519 2570 596 2654 ep.I
615 2573 645 2653 2,
663 2575 807 2638 47-49:
829 2571 914 2651 ‚Non
937 2570 1049 2636 domus
1071 2576 1105 2636 et
1122 2569 1247 2646 fundus,
1265 2580 1334 2634 ‘uon
1357 2567 1440 2634 aeris

290 2699 420 2744 acervus
443 2684 475 2742 et
497 2680 567 2744 auri
589 2679 734 2772 Aegroto
758 2679 877 2744 domini
898 2679 1030 2744 deduxit
1016 2685 1190 2762 tcorpore
1220 2677 1336 2756 febres,
1364 2675 1441 2742 Non

290 2786 395 2850 animo
425 2793 527 2850 curas‘
559 2791 591 2852 ct
611 2785 704 2854 Varr.
730 2794 788 2854 sat.
811 2787 952 2871 Menipp.
986 2787 1257 2873 (Riesp.10:3)
1291 2785 1375 2864 ,Non
1405 2785 1442 2850 fit

291 2892 479 2974 thensauris,
499 2915 563 2959 uon
581 2916 660 2960 auro
678 2895 782 2980 pectu'
798 2897 952 2961 solutum:
977 2895 1053 2961 Non
1072 2895 1202 2960 demunt
1188 2895 1331 2958 tanimis
1347 2914 1441 2958 curas

289 3023 328 3068 ac
342 3001 520 3085 relligiones
535 3001 709 3068 Persarum
724 3010 857 3080 montes,
879 3025 943 3068 non
966 3005 1049 3068 atria
1066 3003 1154 3068 diviti
1171 3000 1307 3068 'Orassit
1329 2999 1441 3084 Atque

289 3111 344 3177 illa
372 3111 537 3191 sententia,
567 3133 639 3176 cum
670 3118 802 3178 externa
832 3111 917 3178 bona
938 3111 1164 3196 possideamus,
1194 3130 1257 3174 non
1283 3107 1441 3174 beatiores

290 3241 348 3284 nos
371 3217 448 3298 fieri,
474 3219 520 3284 ita
541 3219 636 3304 plane
657 3219 841 3285 Horatiana
867 3225 923 3299 est,
955 3225 992 3285 ut
1016 3220 1049 3284 iu
1070 3217 1215 3284 omnibus
1241 3216 1307 3283 fere
1329 3219 1442 3283 carmi·

289 3326 383 3392 nibus
405 3325 587 3410 saepissime
609 3333 772 3412 repetatur
783 3327 819 3413 ⁵).
869 3326 960 3412 Quae
988 3327 1073 3410 quod
1103 3326 1232 3391 uberius
1256 3326 1442 3410 exphcatur,

290 3435 406 3498 mirum
427 3455 491 3498 uon
513 3439 576 3507 ιιι,
612 3455 715 3519 neque
737 3436 829 3501 aliter
855 3457 894 3500 ea
916 3435 1068 3519 explicari
1099 3435 1203 3518 potuit
1229 3434 1289 3498 uisi
1318 3434 1373 3512 ita,
1406 3438 1442 3498 ut

291 3563 405 3608 aurum
433 3549 748 3623 commemoraretur,
781 3542 866 3628 quod
892 3542 1055 3608 homiuum
1084 3562 1176 3606 curas
1210 3561 1274 3606 non
1307 3540 1442 3607 tolleret.

291 3649 332 3716 In
352 3649 401 3714 his
431 3649 505 3715 solis
527 3649 630 3715 verbis
660 3657 779 3730 autem,
813 3673 892 3718 auro
921 3657 952 3715 et
980 3670 1071 3726 cura,
1097 3647 1204 3717 Varro
1233 3652 1265 3712 et
1285 3645 1442 3712 Horatius

292 3758 499 3837 consentiunt,
527 3779 626 3842 quare
647 3759 724 3826 nihil
746 3761 872 3826 omnino
900 3765 956 3839 est,
987 3779 1044 3823 cur
1065 3755 1177 3822 affines
1199 3754 1257 3821 hcs
1278 3755 1365 3820 locos
1386 3753 1442 3818 du-

293 3891 523 3902 ——--——

395 3966 415 4034 ¹]
434 3965 467 4020 cl.
486 3964 583 4022 Thecd.
608 3966 751 4022 Oesterlen.
774 3968 892 4034 ,Studien
914 3983 947 4020 zu
964 3965 1046 4034 Verg.
1064 3979 1090 4016 u.
1110 3963 1181 4016 Hor!
1207 3959 1342 4030 Tubingee
1368 3959 1441 4024 1885,

293 4071 316 4125 p.
336 4054 437 4108 50-70
456 4054 509 4118 ‚der
527 4055 627 4109 Humor
643 4056 685 4111 bei
703 4057 773 4112 Hor!
876 4057 898 4124 ²)
917 4057 967 4109 ιιι.
983 4055 996 4107 Ι
1014 4054 1031 4106 3
1049 4053 1108 4106 init.

396 4143 416 4208 Β)
434 4161 457 4200 v.
475 4143 523 4211 cd,
542 4145 662 4215 inprimis
680 4146 879 4212 Mitscherlichi‚
899 4145 959 4200 adu.
978 4161 1001 4200 ι.
1023 4144 1048 4200 h.
1068 4145 1085 4198 l.

394 4235 415 4302 ⁴)
436 4235 533 4292 Thecd.
551 4233 666 4291 Arncld.
686 4238 705 4295 l.
721 4237 739 4291 l.
757 4255 782 4306 p.
803 4239 834 4290 14
852 4237 910 4290 adn.
931 4237 944 4289 1
965 4235 1032 4290 dicit
1049 4233 1099 4300 ,dic
1118 4228 1442 4300 Frthlingsschilderung,

293 4343 371 4384 carm.
388 4325 425 4380 lV
445 4326 483 4390 12,
510 4328 606 4395 lsqq„
631 4327 761 4383 erscheint
782 4327 823 4380 als
841 4325 1031 4394 Summelplatz
1053 4322 1098 4378 der
1123 4320 1290 4392 gew'ahltcst.
1309 4317 1441 4375 alexandr.

293 4418 372 4473 ldeen
389 4414 432 4474 ub.
449 4415 505 4473 dies
523 4415 616 4488 Sujct‘.
725 4416 745 4488 ⁵)
764 4432 788 4472 r.
807 4415 849 4470 Fr.
866 4415 895 4468 ld.
915 4413 962 4468 Th.
982 4413 1098 4470 Schmidi
1115 4411 1174 4468 adn.
1192 4427 1217 4469 ι.
1234 4410 1260 4467 h.
1278 4410 1297 4466 1.
