3306 4926
708 399 897 466 ,9-

226 583 334 676 χήιιεια
367 584 456 654 ὀπτὰ
485 590 539 654 καὶ
571 584 679 676 τρύφη
710 586 952 673 πλακούντων)
990 586 1220 676 συμπόσιον,1)
1252 592 1285 656 in
1320 611 1383 675 quo

226 697 412 782 Menippum
428 690 552 782 κόσμου
575 691 794 782 ἐκπυρώσεως
815 704 851 763 ut
868 699 1046 778 saltationis
1067 697 1232 763 cuiusdam
1251 699 1383 764 mentio-

227 828 300 871 nem
322 805 433 872 fecisse
457 793 599 886 adnoto,
626 813 824 890 postremum
854 830 917 872 non
942 808 1105 873 nominato
1130 806 1221 886 libro,
1252 829 1291 872 ex
1319 829 1381 890 quo

224 915 345 998 petivit,
367 913 429 980 hoo
447 913 662 999 fragmentum
672 918 697 999 2)
721 907 750 996 ,ὁ
765 917 846 1000 γοῦν
862 911 996 992 κυνικὸς
1011 894 1184 992 Μένιππος
1199 906 1382 999 ἁλμόποτιν

226 1019 286 1108 τὴν
315 1015 451 1088 Μύνδον
484 1023 599 1108 φησίν.
657 1023 833 1089 Praeterea
866 1023 982 1090 Suidas
1014 1030 1046 1090 et
1074 1023 1210 1090 Photius
1240 1023 1383 1108 Menippi

228 1131 374 1218 Oynicib
396 1133 587 1198 mentionem
602 1131 733 1208 faciunt.
778 1131 889 1216 Atque
906 1133 958 1198 ille
968 1134 993 1218 4)
1011 1133 1183 1198 haecdicit
1199 1132 1384 1214 ,Μένιππος

228 1231 389 1323 raptate.
433 1241 503 1306 τῶν
526 1233 703 1326 δραμάτων
725 1233 828 1305 αὐτοῦ
844 1237 912 1305 ἐστι
927 1240 1105 1325 Κέρκωπες
1121 1234 1225 1322 (ὄφεις
1237 1239 1384 1305 Muducia

227 1348 318 1414 addit
327 1350 356 1434 5)
372 1349 426 1413 καὶ
448 1342 551 1430 trra‘,
573 1351 660 1436 hiel)
683 1350 766 1416 inter
788 1356 900 1434 poetas
923 1349 963 1414 ab
984 1349 1040 1416 Jo.
1057 1348 1197 1416 Stobaeo
1218 1354 1384 1432 excerptos

225 1456 413 1541 Menippum
446 1460 600 1524 nominat.
659 1457 754 1543 Quod
787 1464 895 1524 autem
923 1458 1101 1524 Meinehius
1112 1458 1136 1546 ⁷)
1170 1458 1283 1523 drama
1314 1457 1385 1533 Δίες

226 1567 422 1650 inscriptum,
446 1567 532 1650 quod
553 1589 632 1651 opus
653 1569 755 1653 ignoti
776 1567 910 1632 alicuius
924 1572 1038 1652 poetae
1060 1566 1101 1632 ab
1118 1565 1213 1631 Aelio
1229 1565 1384 1648 Dionysio

228 1680 511 1740 commemoratum
535 1675 622 1759 apud
637 1675 844 1742 Eustathium
866 1675 908 1740 ad
923 1674 1021 1740 Hom.
1037 1697 1067 1758 p.
1086 1677 1178 1756 1384,
1201 1676 1242 1737 46
1257 1672 1384 1756 legitur,

228 1779 382 1866 Menippo
397 1783 518 1862 tribuit,
542 1785 723 1850 coniectura
738 1785 818 1851 haec
835 1791 891 1864 est,
914 1785 1009 1850 certis
1023 1783 1218 1868 argumentis
1234 1781 1384 1867 carens.⁸)

229 1888 277 1955 Hi
290 1891 375 1956 tituli
388 1891 541 1957 librorum
556 1891 800 1977 Menippeorum
820 1894 863 1959 ad
881 1915 940 1959 nos
954 1897 1176 1977 pervenerunt,
1199 1913 1238 1956 ex
1258 1888 1384 1982 quibus,

229 2000 372 2087 quamvis
394 2001 427 2064 in
450 2001 607 2066 nonnullis
630 2001 670 2066 de
692 2008 882 2086 argumento
906 2002 1058 2067 dissensio
1087 2020 1206 2086 magna
1216 2003 1239 2080 9)
1270 1999 1319 2077 sit,
1352 1999 1385 2062 in

113 2172 118 2191 ,
228 2109 409 2174 universum
443 2108 482 2174 de
514 2111 604 2175 seriis
637 2110 733 2176 rebus
767 2111 953 2196 Menippum
985 2111 1087 2194 egisse
1120 2130 1213 2174 nemo
1244 2106 1385 2191 negabit.

228 2217 351 2284 Tamen
365 2218 461 2302 Diog.
477 2218 587 2284 Laert.
604 2218 746 2286 affirmat
755 2223 792 2303 10)
809 2221 911 2306 ,φέρει
926 2220 984 2305 μὲν
1005 2208 1065 2284 οὖν
1081 2218 1262 2284 σπουδαῖον
1278 2213 1386 2283 οὐδέν.

218 2322 269 2404 ad
291 2325 327 2390 δὲ
349 2327 455 2404 βιβλία
478 2322 582 2392 αὐτοῦ
600 2330 728 2393 πολλοῦ
743 2329 970 2414 καταγέλωτος
983 2328 1088 2414 ye'per‘.
1134 2327 1250 2410 ltaque
1265 2325 1386 2408 Menip-

228 2456 305 2518 pum
327 2439 364 2499 ut
384 2434 424 2499 de
446 2433 542 2500 rebus
563 2437 713 2518 gravibus
737 2438 924 2521 plerumque
953 2459 992 2502 ex
1017 2435 1219 2521 philosophia
1242 2434 1385 2520 sumptis,
1466 2465 1469 2472 ⁴

231 2543 274 2610 ‘ta
293 2544 402 2628 jocose
425 2543 589 2626 scripsisse
605 2549 789 2610 statuemus.
827 2545 887 2611 Oui
903 2546 1078 2611 sententiae
1096 2545 1213 2628 optime
1229 2543 1385 2623 convenit,

229 2651 316 2734 quod
342 2673 518 2735 cognomen
548 2651 802 2737 orrovdoyeioloo
832 2675 852 2718 a
878 2653 1037 2720 Strabone
1049 2653 1087 2739 11)
1118 2658 1150 2717 et
1179 2673 1199 2717 a
1222 2650 1386 2735 Stephano

228 2758 404 2842 Byzantffl)
428 2759 457 2824 ei
485 2757 596 2842 ,datum
633 2763 687 2824 est.
736 2759 905 2826 Hactenus
938 2761 978 2826 ds
1011 2765 1200 2846 argumento
1232 2759 1386 2824 librorum

229 2867 382 2950 Menippi.

330 2997 382 3061 De
406 2996 511 3062 forma
540 3002 648 3063 autem
678 2997 804 3063 dicendi
830 2997 952 3063 tradita
982 3002 1057 3062 sunt
1085 2998 1180 3062 haec:
1217 2996 1387 3079 conscripti

229 3107 322 3167 erant
344 3104 412 3170 eius
428 3102 502 3168 libri
525 3125 622 3187 prosa
645 3106 789 3170 oratione
804 3104 947 3170 versibus
960 3105 1121 3186 immixtis,
1144 3103 1230 3188 quod
1250 3104 1388 3188 primum

229 3209 322 3276 docet
342 3211 445 3277 forma
463 3217 646 3278 saturarum
657 3211 825 3294 Varronis,
849 3214 903 3297 qui
918 3213 1106 3297 Menippeus
1116 3215 1155 3299 13)
1177 3216 1308 3278 vocatus
1328 3218 1385 3276 est.

227 3317 315 3384 Nam
346 3341 444 3404 prosa
478 3327 510 3386 et
539 3321 665 3404 poetica
696 3322 841 3386 oratione
874 3322 1069 3405 compositae
1079 3321 1116 3406 14)
1156 3320 1285 3385 fuerunt
1314 3319 1387 3385 illae

330 3573 350 3641 ¹)
369 3573 433 3627 XIV
452 3575 504 3627 629
521 3591 542 3628 e.
626 3574 647 3641 ²)
666 3573 679 3626 Ι
699 3573 732 3626 32
752 3589 773 3627 e.
862 3572 882 3639 Η)
902 3571 933 3626 de
952 3589 1004 3641 quo
1022 3589 1068 3626 cur
1085 3588 1137 3625 non
1156 3571 1325 3641 cogitandum
1343 3572 1387 3635 sit,

226 3662 303 3717 abest
321 3679 408 3718 causa.
427 3681 451 3719 v.
466 3664 620 3720 Wildenow.
639 3682 664 3733 p.
683 3664 716 3716 33
736 3667 764 3718 et
782 3665 825 3718 35.
907 3664 929 3732 4)
949 3681 969 3716 s.
988 3679 1011 3716 v.
1030 3660 1187 3722 Μένιππος.
1265 3662 1286 3731 5)
1303 3662 1386 3716 viola-

225 3753 294 3807 rinm
313 3771 337 3822 p.
356 3755 415 3808 202.
519 3753 862 3821 θ)1111)11)Ι.16711.115.
971 3752 990 3821 7)
1008 3753 1084 3806 Vind.
1114 3751 1200 3806 Strab.
1225 3769 1250 3820 p.
1272 3752 1322 3804 234
1348 3767 1388 3819 sq.

226 3827 247 3910 8)
266 3843 311 3897 cfr.
331 3844 407 3912 impr.
426 3843 496 3897 Ries.
515 3844 532 3898 l.
551 3844 568 3896 l.
589 3861 614 3912 p.
635 3845 666 3896 10
685 3843 745 3899 adn.
766 3844 788 3896 1.
868 3841 889 3910 9)
907 3860 973 3912 quae
992 3842 1146 3911 conjectura
1163 3841 1254 3911 colligi
1276 3841 1386 3910 possint,

226 3949 249 3984 v.
261 3932 413 3987 Wildenow.
430 3932 463 3985 24
473 3949 532 4002 sqq.
605 3931 738 4001 ιο))ῘΙ99.
811 3931 843 4000 ¹¹)
861 3933 924 3986 XVI
938 3934 962 3999 2,
976 3934 1009 3987 29
1020 3949 1046 4002 p.
1056 3933 1113 3988 759.
1176 3930 1207 4000 12)
1225 3928 1387 3994 11116111.

227 4019 259 4090 13)
276 4023 430 4076 testimonia
448 4023 560 4092 collegit
579 4023 712 4092 Roeperus
731 4025 850 4096 (Varron.
862 4022 964 4079 Vindio.
982 4023 1075 4093 philol.
1095 4021 1186 4076 XVlIl
1200 4038 1224 4090 p.
1236 4022 1286 4074 419
1300 4019 1335 4074 Α.
1353 4019 1386 4087 1).

228 4112 258 4174 “l
276 4113 323 4167 cfr.
333 4113 423 4176 Quint.
435 4113 461 4166 X
479 4114 500 4178 l,
519 4114 551 4166 95
571 4114 693 4180 ‚alterum
714 4113 783 4168 illud
802 4114 883 4168 etiam
902 4115 975 4183 prius
992 4113 1119 4184 [amplius
1132 4113 1148 4190 i.
1162 4129 1184 4169 e.
1199 4111 1386 4174 umsassender,

225 4201 443 4272 manniglaltiger
461 4203 600 4272 aptissime
615 4203 679 4258 huc.
700 4203 819 4258 Mueller.
841 4203 948 4272 „Rheia
961 4205 1045 4258 Mus.“
1066 4203 1132 4256 1869
1151 4220 1176 4270 p.
1196 4203 1245 4255 140
1262 4201 1389 4268 mutavit)

224 4295 331 4347 saturae
355 4309 447 4362 genos,
476 4293 523 4348 sed
547 4309 599 4346 non
624 4294 682 4347 sola
709 4295 854 4350 carminum
877 4295 1007 4350 venetate
1034 4295 1082 4363 (sc.
1099 4309 1189 4348 verum
1212 4294 1292 4347 etiam
1310 4308 1388 4360 prosa

225 4384 354 4445 oratione)
373 4383 485 4438 mixtum
503 4383 624 4439 condidit
642 4385 747 4439 Terent.
768 4386 859 4457 Varro,
882 4387 922 4440 vir
941 4385 1119 4440 Romanorum
1137 4384 1341 4440 eruditissimus
1360 4387 1388 4436 et

225 4471 376 4530 Buecheler.
411 4473 617 4546 ,Bemerkungen
636 4490 671 4528 zu
689 4474 713 4528 d.
735 4475 808 4531 Varr.
828 4475 893 4531 Sat!
913 4491 980 4530 mus.
1001 4474 1065 4530 Rhe.
1083 4473 1145 4528 XIV
1164 4475 1213 4526 421
1232 4490 1288 4544 sqq.
