3306 4926
750 357 964 422 ..34-

283 527 405 574 summo
435 527 508 572 oum
534 505 639 572 studio
660 513 823 591 pararent,
854 529 894 576 ne
925 509 1010 574 solus
1032 508 1151 576 otiosus
1172 510 1255 576 inter
1276 513 1325 574 tot
1343 529 1433 574 oocu-

282 623 375 701 patos
397 615 569 695 videretur,
599 616 729 700 palliolo
760 617 920 684 succincto
944 616 1075 695 dolium,
1108 619 1140 682 in
1170 639 1232 702 quo
1264 615 1434 696 habitaret,

283 747 409 790 sursum
432 724 579 790 deorsum
603 725 637 790 in
659 725 778 792 Granio
800 725 940 791 studiose
967 725 1099 792 volvisse
1121 730 1279 793 narratur.
1323 724 1434 810 Atque

283 834 454 902 similitudo
476 835 570 900 inea
592 857 627 901 re
647 842 704 917 est,
727 835 812 921 quod
831 835 989 902 Horatius
1011 841 1043 901 et
1065 834 1234 920 Diogenes,
1255 835 1367 901 ceteris
1388 835 1434 898 in-

283 943 496 1026 sanientibus,
527 965 622 1010 sanos
652 950 684 1012 et
714 945 872 1029 sapientes
900 967 934 1012 se
964 949 1146 1029 praestant3
1180 967 1218 1010 ex
1245 944 1306 1009 hac
1328 949 1436 1009 autem

283 1051 481 1133 concludere,
509 1052 697 1120 affinitatem
720 1053 881 1138 quandam
902 1055 985 1122 inter
1008 1055 1184 1122 Horatium
1207 1059 1238 1120 et
1257 1052 1436 1120 Lucianum

283 1161 489 1242 intercedere,
510 1163 605 1247 plane
626 1164 768 1248 ineptum
792 1169 848 1232 est.

385 1271 502 1340 Horat.
525 1293 553 1339 a.
569 1295 598 1356 p.
615 1275 678 1340 304
702 1278 733 1338 et
755 1276 832 1340 306:
857 1271 956 1356 ,Ergo
978 1273 1095 1357 fungar
1116 1275 1184 1340 viee
1200 1276 1296 1355 ootis‘,
1309 1275 1437 1358 ,Munus

285 1385 318 1446 et
333 1380 481 1463 officium,
502 1381 547 1446 nil
561 1380 702 1446 scribens
716 1382 793 1466 ipse,
814 1381 955 1466 docebo‘,
971 1383 1104 1452 Luoian.
1120 1385 1289 1468 ,quomodo
1304 1386 1438 1454 historia

253 1578 254 1584 ἵ
284 1491 326 1556 sit
347 1490 586 1556 conscribenda‘
607 1491 685 1573 init,
708 1490 764 1556 ubi
777 1491 940 1558 Lucienus
963 1513 1035 1558 cum
1049 1493 1196 1578 Diogene
1215 1516 1249 1560 se
1263 1494 1437 1574 conferens,

284 1621 324 1665 ue
353 1599 438 1664 solus
459 1605 566 1664 mutus
585 1599 619 1664 in
639 1604 732 1666 tanta
754 1599 894 1665 omnium
916 1601 1105 1687 garrulitate
1129 1607 1220 1682 esset,
1242 1623 1276 1667 se
1300 1624 1437 1687 quoque,

285 1712 440 1792 quantum
461 1712 578 1792 posset,
602 1707 720 1773 dolium
738 1730 829 1774 suum
848 1708 973 1775 volvere
994 1716 1105 1794 aptum
1126 1710 1252 1777 duxisse
1267 1711 1352 1794 dicit,
1374 1735 1437 1778 non

284 1817 329 1880 ita
339 1819 376 1880 ut
386 1815 562 1897 historiam,
576 1815 658 1882 sicut
670 1816 776 1896 ceteri,
787 1815 1009 1897 conscriberet,
1025 1811 1085 1902 οὐχ
1097 1810 1187 1883 οὕτω
1199 1812 1438 1904 μεγαλότολμος

285 1919 349 2008 ἐγώ
366 1977 372 1992 .
390 1975 398 1990 .
414 1975 420 1988 .
438 1973 459 2003 .,
483 1924 540 1988 sed
553 1923 744 2008 παραίνεσιν
759 1924 797 1989 δέ
815 1947 891 1990 τινα
911 1922 1031 2012 μικρὰν
1052 1927 1106 1991 καὶ
1126 1921 1297 2014 ὑποθήκας
1318 1922 1439 2007 ταύτας

285 2028 393 2118 ὀλίγας
414 2023 625 2118 ὑποθήσομαι
644 2042 713 2110 τοϊς
735 2029 987 2119 συγγράφουσιν,
1010 2030 1059 2112 αἱς
1080 2028 1314 2122 κοινωνήσαιμι
1329 2031 1441 2113 αὐτοῖς

285 2145 341 2227 τῆς
374 2140 568 2226 οἰκοδομίας,
600 2141 628 2206 st
660 2141 713 2206 καὶ
746 2137 788 2229 μὴ
820 2143 876 2230 τῆς
909 2139 1095 2232 ἐπιγραφῆς.
1140 2143 1225 2210 Sane
1250 2151 1383 2228 uterque
1404 2145 1437 2209 id

286 2273 384 2316 uuum
416 2272 450 2316 se
480 2254 662 2315 secuturum
693 2271 762 2316 esse
794 2250 879 2331 dicit,
913 2256 950 2315 ut
971 2251 1049 2328 aliie,
1084 2251 1161 2336 quid
1187 2250 1365 2318 faciendum
1387 2252 1437 2334 sit,

286 2357 501 2444 praescribat;
534 2357 591 2422 sed
619 2357 680 2422 hac
711 2359 744 2422 in
776 2379 812 2423 re
834 2379 888 2424 eos
913 2359 1090 2425 consentire
1111 2381 1239 2426 necesse
1261 2365 1340 2444 erat,
1369 2382 1440 2428 cum

287 2473 422 2552 uterque
444 2467 602 2532 rationem
623 2467 702 2532 artis
725 2466 890 2532 cuiusdam
913 2489 1070 2552 exponere
1091 2469 1287 2536 instituisset.

388 2575 505 2640 Horat.
528 2595 556 2642 a.
578 2596 609 2657 p.
639 2577 713 2640 139:
738 2573 939 2656 ,Parturiunt
957 2581 1090 2656 montes,
1120 2581 1269 2641 nascetur
1289 2575 1440 2640 ridiculus

288 2689 378 2766 mus‘,
402 2683 480 2750 Luc.
499 2682 575 2750 ibid.
595 2686 636 2749 23
661 2676 791 2764 ζὩδιναν
813 2676 892 2767 ὄρος
913 2683 1010 2768 (Ζεῦς
1032 2678 1060 2748 δ’
1061 2682 1221 2764 ἐφοβεῖτο,
1244 2679 1283 2750 τὸ
1306 2678 1441 2750 d't'rsxev

286 2795 372 2878 μῦν,
403 2797 439 2858 ut
469 2797 555 2857 totus
576 2797 625 2856 est
645 2813 753 2858 versus
776 2792 862 2876 apud
882 2791 1003 2858 Athen.
1025 2791 1123 2860 XIV.
1143 2815 1172 2876 p.
1191 2795 1253 2859 616
1267 2793 1310 2880 d).
1354 2792 1441 2857 Hae·

287 2921 394 2964 remus
417 2920 455 2964 ea
477 2899 509 2962 in
531 2921 576 2981 re,
598 2899 684 2982 quod
704 2905 840 2983 uterque
862 2900 923 2965 hoo
944 2899 1148 2983 proverbium
1170 2900 1202 2964 in
1226 2919 1296 2964 eam
1317 2903 1439 2963 senten·

288 3009 367 3072 tiam
389 3007 553 3086 convertit,
577 3012 614 3072 ut
635 3013 774 3089 moneat,
797 3029 837 3073 ne
856 3007 1054 3092 prooemium
1076 3006 1273 3092 splendidum
1289 3005 1329 3070 sit
1343 3007 1439 3087 atque

289 3114 503 3199 magnificum,
535 3136 605 3180 cum
633 3116 703 3199 ipsa
732 3115 912 3199 argumenti
940 3115 1091 3180 tractatio
1113 3116 1155 3180 sit
1176 3113 1243 3180 vilis
1265 3117 1298 3179 et
1318 3113 1442 3197 pusilla.

288 3223 474 3307 Menippum
498 3228 605 3288 autem
626 3223 719 3289 huius
741 3245 817 3290 usus
839 3227 1001 3290 auctorem
1022 3223 1119 3289 fuisse
1134 3223 1206 3288 ideo
1222 3223 1309 3288 credi
1323 3223 1443 3306 nequit,

289 3333 365 3416 quia
380 3332 409 3396 ei
424 3331 504 3410 usui,
527 3331 554 3396 si
569 3329 664 3396 modo
679 3331 861 3396 verisimilia
873 3336 1102 3415 computamus,
1118 3331 1223 3395 locum
1234 3352 1298 3396 uon
1310 3329 1444 3414 praebet

288 3440 431 3523 Menippi
445 3439 559 3523 image,
579 3461 676 3523 quam
694 3461 791 3524 supra
807 3439 1080 3506 conformavimus
1124 3437 1239 3522 Neque
1251 3459 1443 3523 quemquam
1469 3471 1471 3478 .

288 3547 349 3612 illis
369 3548 453 3613 hunc
474 3547 633 3631 proverbii
651 3567 743 3612 usum
769 3547 988 3632 suppeditasse
1009 3551 1096 3631 puto,
1120 3547 1176 3612 sed
1198 3552 1369 3631 utrumque
1386 3567 1442 3612 suo

287 3658 387 3741 ipsius
409 3658 543 3738 amorel)
565 3656 805 3740 proverbiorum
827 3656 870 3722 ad
893 3678 965 3722 eum
988 3654 1118 3721 ductum
1141 3675 1209 3722 esse
1231 3657 1384 3722 existimo.

390 3765 506 3832 Horat.
530 3785 558 3831 a.
573 3787 603 3848 p.
626 3767 681 3830 86:
705 3762 901 3848 ,Descriptas
924 3786 1049 3830 servare
1072 3765 1154 3828 vices
1177 3785 1371 3849 operumque
1393 3783 1443 3827 co·

288 3875 391 3954 lores‘,
422 3872 499 3938 Luc.
525 3871 599 3937 ibid.
620 3875 662 3938 23
685 3866 756 3956 ,χρὴ
779 3923 786 3939 .
811 3920 845 3938 ..
871 3924 878 3938 .
908 3863 1067 3955 ὅμοια,τὰ
1091 3863 1201 3934 πάντα
1223 3871 1277 3934 καὶ
1300 3863 1447 3955 ὁμόχροα

289 3977 390 4048 εἶναι’.
433 3979 523 4046 Nihil
551 3979 584 4044 hi
613 3979 676 4044 loci
702 3977 816 4055 valent,
844 4000 915 4044 cum
937 3977 1024 4044 color
1046 3977 1300 4062 frequentissimo
1322 3999 1382 4043 usu
1405 3976 1443 4042 de

230 4139 232 4144 .
291 4087 612 4178 orationetranslate
632 4086 794 4173 dicatur2).

393 4235 415 4303 l)
437 4233 468 4289 do
491 4235 553 4289 Luc.
576 4250 663 4288 amore
688 4232 883 4302 proverbiorum
904 4232 936 4288 cf.
955 4231 1158 4287 Sommerbrodt.
1175 4232 1257 4300 praef.
1277 4230 1316 4286 ed.
1334 4230 1398 4283 Luc.
1416 4245 1441 4297 p.

291 4326 387 4412 XXVJ.
409 4328 437 4380 et
455 4325 507 4378 ind.
526 4325 564 4379 ed.
584 4325 714 4380 Jacobitz.
733 4327 761 4379 et
779 4325 886 4392 Bipont.
905 4341 925 4378 s.
946 4340 969 4377 v.
987 4323 1147 4393 ,proverbiot

395 4415 415 4477 Β)
433 4431 457 4467 v.
471 4431 530 4469 cum
552 4416 694 4482 manualia,
713 4431 780 4484 quae
797 4413 878 4482 vulgo
895 4416 1062 4481 usurpantur,
1081 4416 1139 4471 tum
1158 4411 1210 4468 ind.
1222 4409 1275 4468 (lic.
1291 4411 1319 4466 et
1332 4409 1443 4477 aunan.

302 4507 382 4578 atque
402 4505 721 4565 sincerissimorum.
740 4505 806 4562 rhet.
827 4520 847 4560 ι.
865 4520 889 4563 v.
908 4505 1012 4576 χρῶμα,
