<?xml version="1.0" encoding="UTF-8"?>
<!DOCTYPE html PUBLIC "-//W3C//DTD XHTML 1.0 Transitional//EN"
    "http://www.w3.org/TR/xhtml1/DTD/xhtml1-transitional.dtd">
<html xmlns="http://www.w3.org/1999/xhtml" xml:lang="en" lang="en">
 <head>
  <title>
</title>
<meta http-equiv="Content-Type" content="text/html;charset=utf-8" />
  <meta name='ocr-system' content='tesseract 3.04.00' />
  <meta name='ocr-capabilities' content='ocr_page ocr_carea ocr_par ocr_line ocrx_word'/>
</head>
<body>
  <div class='ocr_page' id='page_1' title='image "./quaeriturquojur00rowegoog_0037.png"; bbox 0 0 3306 4926; ppageno 0'>
   <div class='ocr_carea' id='block_1_1' title="bbox 811 331 1019 400">
    <p class='ocr_par' dir='ltr' id='par_1_1' title="bbox 811 331 1019 400">
     <span class='ocr_line' id='line_1_1' title="bbox 811 331 1019 400; baseline 0.01 -18"><span class='ocrx_word' id='word_1_1' title='bbox 811 331 1019 400; x_wconf 67' lang='lat'><strong>„32-</strong></span> 
     </span>
    </p>
   </div>
   <div class='ocr_carea' id='block_1_2' title="bbox 250 521 1487 4276">
    <p class='ocr_par' dir='ltr' id='par_1_2' title="bbox 250 521 1487 4276">
     <span class='ocr_line' id='line_1_2' title="bbox 337 521 1485 614; baseline 0.006 -26"><span class='ocrx_word' id='word_1_2' title='bbox 337 521 494 588; x_wconf 73' lang='lat' dir='ltr'><strong>Tiresiam</strong></span> <span class='ocrx_word' id='word_1_3' title='bbox 521 524 618 605; x_wconf 83' lang='lat' dir='ltr'><strong>Ulixi,</strong></span> <span class='ocrx_word' id='word_1_4' title='bbox 653 525 706 608; x_wconf 92' lang='lat' dir='ltr'><strong>qui</strong></span> <span class='ocrx_word' id='word_1_5' title='bbox 732 525 956 612; x_wconf 84' lang='lat' dir='ltr'><strong>interrogavit,</strong></span> <span class='ocrx_word' id='word_1_6' title='bbox 991 528 1149 610; x_wconf 91' lang='lat' dir='ltr'><strong>quomodo</strong></span> <span class='ocrx_word' id='word_1_7' title='bbox 1183 528 1334 595; x_wconf 80' lang='lat' dir='ltr'><strong>ditescere</strong></span> <span class='ocrx_word' id='word_1_8' title='bbox 1368 536 1485 614; x_wconf 90' lang='lat' dir='ltr'><strong>posset,</strong></span> 
     </span>
     <span class='ocr_line' id='line_1_3' title="bbox 335 633 1486 722; baseline 0.005 -26"><span class='ocrx_word' id='word_1_9' title='bbox 335 633 579 715; x_wconf 79' lang='lat' dir='ltr'><strong>respondentem</strong></span> <span class='ocrx_word' id='word_1_10' title='bbox 597 633 684 715; x_wconf 86' lang='lat' dir='ltr'><strong>facit,</strong></span> <span class='ocrx_word' id='word_1_11' title='bbox 708 656 817 700; x_wconf 89' lang='lat' dir='ltr'><strong>senum</strong></span> <span class='ocrx_word' id='word_1_12' title='bbox 838 642 1029 701; x_wconf 88' lang='lat' dir='ltr'><strong>testamenta</strong></span> <span class='ocrx_word' id='word_1_13' title='bbox 1045 636 1205 720; x_wconf 89' lang='lat' dir='ltr'><strong>captanda</strong></span> <span class='ocrx_word' id='word_1_14' title='bbox 1226 659 1303 720; x_wconf 91' lang='lat' dir='ltr'><strong>esse,</strong></span> <span class='ocrx_word' id='word_1_15' title='bbox 1326 645 1358 702; x_wconf 90' lang='lat' dir='ltr'><strong>et</strong></span> <span class='ocrx_word' id='word_1_16' title='bbox 1379 643 1486 722; x_wconf 89' lang='lat' dir='ltr'><strong>capta-</strong></span> 
     </span>
     <span class='ocr_line' id='line_1_4' title="bbox 336 739 1486 826; baseline 0.005 -22"><span class='ocrx_word' id='word_1_17' title='bbox 336 740 420 804; x_wconf 84' lang='lat' dir='ltr'><strong>toria</strong></span> <span class='ocrx_word' id='word_1_18' title='bbox 449 739 584 805; x_wconf 87' lang='lat' dir='ltr'><strong>artificia</strong></span> <span class='ocrx_word' id='word_1_19' title='bbox 613 742 816 824; x_wconf 88' lang='lat' dir='ltr'><strong>aperientem,</strong></span> <span class='ocrx_word' id='word_1_20' title='bbox 849 744 882 808; x_wconf 93' lang='lat' dir='ltr'><strong>in</strong></span> <span class='ocrx_word' id='word_1_21' title='bbox 909 749 1089 826; x_wconf 77' lang='lat' dir='ltr'><strong>captatores</strong></span> <span class='ocrx_word' id='word_1_22' title='bbox 1119 745 1291 824; x_wconf 80' lang='lat' dir='ltr'><strong>invehitur3</strong></span> <span class='ocrx_word' id='word_1_23' title='bbox 1325 743 1486 810; x_wconf 75' lang='lat' dir='ltr'><strong>Lucienus</strong></span> 
     </span>
     <span class='ocr_line' id='line_1_5' title="bbox 336 846 1487 933; baseline 0.005 -23"><span class='ocrx_word' id='word_1_24' title='bbox 336 853 368 911; x_wconf 88' lang='lat' dir='ltr'><strong>et</strong></span> <span class='ocrx_word' id='word_1_25' title='bbox 389 846 599 932; x_wconf 84' lang='lat' dir='ltr'><strong>descriptione</strong></span> <span class='ocrx_word' id='word_1_26' title='bbox 620 849 741 914; x_wconf 87' lang='lat' dir='ltr'><strong>itineris</strong></span> <span class='ocrx_word' id='word_1_27' title='bbox 755 849 916 933; x_wconf 88' lang='lat' dir='ltr'><strong>Menippei</strong></span> <span class='ocrx_word' id='word_1_28' title='bbox 931 849 973 914; x_wconf 91' lang='lat' dir='ltr'><strong>ad</strong></span> <span class='ocrx_word' id='word_1_29' title='bbox 992 850 1109 914; x_wconf 85' lang='lat' dir='ltr'><strong>inferos</strong></span> <span class='ocrx_word' id='word_1_30' title='bbox 1126 851 1290 916; x_wconf 89' lang='lat' dir='ltr'><strong>hominum</strong></span> <span class='ocrx_word' id='word_1_31' title='bbox 1309 859 1487 920; x_wconf 88' lang='lat' dir='ltr'><strong>commenta</strong></span> 
     </span>
     <span class='ocr_line' id='line_1_6' title="bbox 336 945 1487 1043; baseline 0.004 -24"><span class='ocrx_word' id='word_1_32' title='bbox 336 955 375 1020; x_wconf 91' lang='lat' dir='ltr'><strong>de</strong></span> <span class='ocrx_word' id='word_1_33' title='bbox 397 955 506 1020; x_wconf 85' lang='lat' dir='ltr'><strong>inferis</strong></span> <span class='ocrx_word' id='word_1_34' title='bbox 527 956 639 1020; x_wconf 89' lang='lat' dir='ltr'><strong>irridet</strong></span> <span class='ocrx_word' id='word_1_35' title='bbox 670 957 845 1040; x_wconf 84' lang='lat' dir='ltr'><strong>divitesque</strong></span> <span class='ocrx_word' id='word_1_36' title='bbox 872 958 1073 1041; x_wconf 88' lang='lat' dir='ltr'><strong>potissimum</strong></span> <span class='ocrx_word' id='word_1_37' title='bbox 1102 979 1139 1022; x_wconf 90' lang='lat' dir='ltr'><strong>ac</strong></span> <span class='ocrx_word' id='word_1_38' title='bbox 1168 945 1313 1041; x_wconf 87' lang='lat' dir='ltr'><strong>potentes</strong></span> <span class='ocrx_word' id='word_1_39' title='bbox 1342 961 1487 1043; x_wconf 88' lang='lat' dir='ltr'><strong>increpat</strong></span> 
     </span>
     <span class='ocr_line' id='line_1_7' title="bbox 336 1063 1486 1151; baseline 0.003 -23"><span class='ocrx_word' id='word_1_40' title='bbox 336 1069 368 1128; x_wconf 89' lang='lat' dir='ltr'><strong>ct</strong></span> <span class='ocrx_word' id='word_1_41' title='bbox 392 1063 534 1128; x_wconf 76' lang='lat' dir='ltr'><strong>Tiresiae</strong></span> <span class='ocrx_word' id='word_1_42' title='bbox 565 1071 736 1148; x_wconf 89' lang='lat' dir='ltr'><strong>praecepto</strong></span> <span class='ocrx_word' id='word_1_43' title='bbox 766 1065 804 1129; x_wconf 92' lang='lat' dir='ltr'><strong>de</strong></span> <span class='ocrx_word' id='word_1_44' title='bbox 840 1067 960 1148; x_wconf 90' lang='lat' dir='ltr'><strong>optima</strong></span> <span class='ocrx_word' id='word_1_45' title='bbox 993 1065 1117 1130; x_wconf 86' lang='lat' dir='ltr'><strong>vivendi</strong></span> <span class='ocrx_word' id='word_1_46' title='bbox 1148 1067 1272 1132; x_wconf 86' lang='lat' dir='ltr'><strong>ratione</strong></span> <span class='ocrx_word' id='word_1_47' title='bbox 1304 1067 1486 1151; x_wconf 81' lang='lat' dir='ltr'><strong>superbiam</strong></span> 
     </span>
     <span class='ocr_line' id='line_1_8' title="bbox 334 1172 1486 1257; baseline 0.005 -22"><span class='ocrx_word' id='word_1_48' title='bbox 334 1172 547 1236; x_wconf 86' lang='lat' dir='ltr'><strong>litteratorum</strong></span> <span class='ocrx_word' id='word_1_49' title='bbox 565 1172 727 1236; x_wconf 91' lang='lat' dir='ltr'><strong>hominum</strong></span> <span class='ocrx_word' id='word_1_50' title='bbox 742 1172 853 1237; x_wconf 82' lang='lat' dir='ltr'><strong>illudit.</strong></span> <span class='ocrx_word' id='word_1_51' title='bbox 898 1172 962 1239; x_wconf 82' lang='lat' dir='ltr'><strong>Sed</strong></span> <span class='ocrx_word' id='word_1_52' title='bbox 977 1173 1147 1256; x_wconf 87' lang='lat' dir='ltr'><strong>videamus,</strong></span> <span class='ocrx_word' id='word_1_53' title='bbox 1171 1196 1250 1257; x_wconf 93' lang='lat' dir='ltr'><strong>quas</strong></span> <span class='ocrx_word' id='word_1_54' title='bbox 1266 1176 1486 1242; x_wconf 88' lang='lat' dir='ltr'><strong>similitudines</strong></span> 
     </span>
     <span class='ocr_line' id='line_1_9' title="bbox 335 1279 1486 1365; baseline 0.003 -21"><span class='ocrx_word' id='word_1_55' title='bbox 335 1279 449 1346; x_wconf 92' lang='lat' dir='ltr'><strong>Herm.</strong></span> <span class='ocrx_word' id='word_1_56' title='bbox 472 1279 667 1344; x_wconf 85' lang='lat' dir='ltr'><strong>Fritnschius</strong></span> <span class='ocrx_word' id='word_1_57' title='bbox 691 1279 862 1344; x_wconf 90' lang='lat' dir='ltr'><strong>detexerit:</strong></span> <span class='ocrx_word' id='word_1_58' title='bbox 894 1281 1240 1359; x_wconf 80' lang='lat' dir='ltr'><strong>v.25,1nsidiatorem</strong></span> <span class='ocrx_word' id='word_1_59' title='bbox 1268 1303 1421 1365; x_wconf 88' lang='lat' dir='ltr'><strong>praeroso</strong></span> <span class='ocrx_word' id='word_1_60' title='bbox 1441 1283 1486 1347; x_wconf 89' lang='lat' dir='ltr'><strong>fu-</strong></span> 
     </span>
     <span class='ocr_line' id='line_1_10' title="bbox 335 1384 1485 1474; baseline 0.003 -22"><span class='ocrx_word' id='word_1_61' title='bbox 335 1389 417 1474; x_wconf 83' lang='lat' dir='ltr'><strong>gerit</strong></span> <span class='ocrx_word' id='word_1_62' title='bbox 437 1387 542 1452; x_wconf 84' lang='lat' dir='ltr'><strong>hamo‘</strong></span> <span class='ocrx_word' id='word_1_63' title='bbox 566 1394 598 1452; x_wconf 90' lang='lat' dir='ltr'><strong>et</strong></span> <span class='ocrx_word' id='word_1_64' title='bbox 612 1387 690 1454; x_wconf 82' lang='lat' dir='ltr'><strong>Luc.</strong></span> <span class='ocrx_word' id='word_1_65' title='bbox 707 1387 778 1453; x_wconf 87' lang='lat' dir='ltr'><strong>dial.</strong></span> <span class='ocrx_word' id='word_1_66' title='bbox 796 1394 887 1454; x_wconf 89' lang='lat' dir='ltr'><strong>mort.</strong></span> <span class='ocrx_word' id='word_1_67' title='bbox 903 1387 984 1455; x_wconf 74' lang='lat' dir='ltr'><strong>Vll</strong></span> <span class='ocrx_word' id='word_1_68' title='bbox 1006 1384 1034 1468; x_wconf 79' lang='lat' dir='ltr'><strong>‚o‘</strong></span> <span class='ocrx_word' id='word_1_69' title='bbox 1059 1389 1094 1453; x_wconf 78' lang='grc' dir='ltr'><strong>δὲ</strong></span> <span class='ocrx_word' id='word_1_70' title='bbox 1114 1385 1274 1454; x_wconf 83' lang='grc' dir='ltr'><strong><em>τοσοῦτόν</em></strong></span> <span class='ocrx_word' id='word_1_71' title='bbox 1295 1411 1350 1474; x_wconf 85' lang='grc' dir='ltr'><strong>μοι</strong></span> <span class='ocrx_word' id='word_1_72' title='bbox 1371 1391 1485 1471; x_wconf 82' lang='grc' dir='ltr'><strong><em>δέλεαρ</em></strong></span> 
     </span>
     <span class='ocr_line' id='line_1_11' title="bbox 250 1489 1484 1581; baseline 0.002 -21"><span class='ocrx_word' id='word_1_73' title='bbox 250 1565 252 1568; x_wconf 58' lang='grc'>,</span> <span class='ocrx_word' id='word_1_74' title='bbox 334 1490 505 1561; x_wconf 75' lang='grc' dir='ltr'><strong><em>καταπιών</em></strong></span> <span class='ocrx_word' id='word_1_75' title='bbox 521 1489 699 1580; x_wconf 75' lang='grc' dir='ltr'><strong><em>ἐφειστήκει</em></strong></span> <span class='ocrx_word' id='word_1_76' title='bbox 716 1495 917 1580; x_wconf 79' lang='grc' dir='ltr'><strong><em>θαπτομένῳ</em></strong></span> <span class='ocrx_word' id='word_1_77' title='bbox 934 1491 1051 1581; x_wconf 76' lang='grc' dir='ltr'><strong><em>πρῴην</em></strong></span> <span class='ocrx_word' id='word_1_78' title='bbox 1067 1494 1240 1580; x_wconf 72' lang='grc' dir='ltr'><strong><em>έπιγελοῖν;</em></strong></span> <span class='ocrx_word' id='word_1_79' title='bbox 1263 1520 1289 1565; x_wconf 84' lang='lat' dir='ltr'><strong>r.</strong></span> <span class='ocrx_word' id='word_1_80' title='bbox 1305 1502 1348 1564; x_wconf 89' lang='grc'><strong>44</strong></span> <span class='ocrx_word' id='word_1_81' title='bbox 1362 1498 1484 1580; x_wconf 89' lang='lat' dir='ltr'><strong>,Plures</strong></span> 
     </span>
     <span class='ocr_line' id='line_1_12' title="bbox 334 1597 1484 1691; baseline 0.001 -22"><span class='ocrx_word' id='word_1_82' title='bbox 334 1603 500 1670; x_wconf 86' lang='lat' dir='ltr'><strong>adnabunt</strong></span> <span class='ocrx_word' id='word_1_83' title='bbox 516 1603 628 1687; x_wconf 86' lang='lat' dir='ltr'><strong>thynni</strong></span> <span class='ocrx_word' id='word_1_84' title='bbox 644 1609 675 1666; x_wconf 93' lang='lat' dir='ltr'><strong>et</strong></span> <span class='ocrx_word' id='word_1_85' title='bbox 691 1604 811 1668; x_wconf 86' lang='lat' dir='ltr'><strong>cetaria</strong></span> <span class='ocrx_word' id='word_1_86' title='bbox 827 1607 977 1668; x_wconf 85' lang='lat' dir='ltr'><strong>crescent‘</strong></span> <span class='ocrx_word' id='word_1_87' title='bbox 995 1609 1026 1667; x_wconf 88' lang='lat' dir='ltr'><strong>et</strong></span> <span class='ocrx_word' id='word_1_88' title='bbox 1036 1603 1114 1669; x_wconf 89' lang='lat' dir='ltr'><strong>Luc.</strong></span> <span class='ocrx_word' id='word_1_89' title='bbox 1128 1603 1208 1669; x_wconf 77' lang='lat' dir='ltr'><strong>Tim.</strong></span> <span class='ocrx_word' id='word_1_90' title='bbox 1220 1605 1262 1667; x_wconf 88' lang='grc'><strong>22</strong></span> <span class='ocrx_word' id='word_1_91' title='bbox 1281 1600 1367 1685; x_wconf 84' lang='grc' dir='ltr'><strong>,τούς</strong></span> <span class='ocrx_word' id='word_1_92' title='bbox 1382 1597 1484 1691; x_wconf 77' lang='grc' dir='ltr'><strong><em>μάτην</em></strong></span> 
     </span>
     <span class='ocr_line' id='line_1_13' title="bbox 333 1703 1485 1800; baseline 0.002 -24"><span class='ocrx_word' id='word_1_93' title='bbox 333 1705 509 1798; x_wconf 80' lang='grc' dir='ltr'><strong><em>κεχηνότας</em></strong></span> <span class='ocrx_word' id='word_1_94' title='bbox 531 1709 671 1787; x_wconf 77' lang='grc' dir='ltr'><strong><em>ἐκείνους</em></strong></span> <span class='ocrx_word' id='word_1_95' title='bbox 691 1708 724 1787; x_wconf 83' lang='grc' dir='ltr'><strong>ές</strong></span> <span class='ocrx_word' id='word_1_96' title='bbox 742 1703 902 1797; x_wconf 84' lang='grc' dir='ltr'><strong><em>οίλλὴλους</em></strong></span> <span class='ocrx_word' id='word_1_97' title='bbox 924 1705 1173 1790; x_wconf 76' lang='grc' dir='ltr'><strong><em>ἀποβλέποντας</em></strong></span> <span class='ocrx_word' id='word_1_98' title='bbox 1199 1709 1390 1778; x_wconf 78' lang='grc' dir='ltr'><strong><em>καταλιπών</em></strong></span> <span class='ocrx_word' id='word_1_99' title='bbox 1412 1708 1485 1800; x_wconf 85' lang='grc' dir='ltr'><strong><em>α’λη-</em></strong></span> 
     </span>
     <span class='ocr_line' id='line_1_14' title="bbox 333 1812 1486 1908; baseline 0.003 -24"><span class='ocrx_word' id='word_1_100' title='bbox 333 1819 391 1896; x_wconf 79' lang='grc' dir='ltr'><strong>θὲς</strong></span> <span class='ocrx_word' id='word_1_101' title='bbox 411 1813 549 1904; x_wconf 75' lang='grc' dir='ltr'><strong><em>’ἄγοντας</em></strong></span> <span class='ocrx_word' id='word_1_102' title='bbox 570 1814 608 1882; x_wconf 88' lang='grc' dir='ltr'>τό</span> <span class='ocrx_word' id='word_1_103' title='bbox 630 1819 766 1901; x_wconf 80' lang='grc' dir='ltr'><strong><em>πένθος,</em></strong></span> <span class='ocrx_word' id='word_1_104' title='bbox 798 1814 868 1904; x_wconf 78' lang='grc' dir='ltr'><strong><em>οἶος</em></strong></span> <span class='ocrx_word' id='word_1_105' title='bbox 890 1813 1011 1896; x_wconf 70' lang='grc' dir='ltr'><strong><em>αὐτοὺς</em></strong></span> <span class='ocrx_word' id='word_1_106' title='bbox 1039 1812 1057 1883; x_wconf 85' lang='grc' dir='ltr'>ὁ</span> <span class='ocrx_word' id='word_1_107' title='bbox 1088 1814 1214 1898; x_wconf 83' lang='grc' dir='ltr'><strong><em>θύννος</em></strong></span> <span class='ocrx_word' id='word_1_108' title='bbox 1244 1819 1280 1885; x_wconf 86' lang='grc' dir='ltr'><strong>έκ</strong></span> <span class='ocrx_word' id='word_1_109' title='bbox 1301 1824 1404 1906; x_wconf 83' lang='grc' dir='ltr'><strong><em>μυχοῦ</em></strong></span> <span class='ocrx_word' id='word_1_110' title='bbox 1430 1825 1486 1908; x_wconf 80' lang='grc' dir='ltr'><strong>τῆς</strong></span> 
     </span>
     <span class='ocr_line' id='line_1_15' title="bbox 333 1920 1485 2016; baseline 0.002 -25"><span class='ocrx_word' id='word_1_111' title='bbox 333 1921 471 2016; x_wconf 73' lang='grc' dir='ltr'><strong><em>σαγήνης</em></strong></span> <span class='ocrx_word' id='word_1_112' title='bbox 499 1927 649 2010; x_wconf 79' lang='grc' dir='ltr'><strong><em>διέφυγεν</em></strong></span> <span class='ocrx_word' id='word_1_113' title='bbox 679 1921 742 1990; x_wconf 72' lang='grc' dir='ltr'><strong>οὐκ</strong></span> <span class='ocrx_word' id='word_1_114' title='bbox 773 1920 882 2010; x_wconf 78' lang='grc' dir='ltr'><strong>ὀλίγον</strong></span> <span class='ocrx_word' id='word_1_115' title='bbox 914 1923 953 1991; x_wconf 87' lang='grc' dir='ltr'><strong>τὸ</strong></span> <span class='ocrx_word' id='word_1_116' title='bbox 989 1926 1102 2009; x_wconf 79' lang='grc' dir='ltr'><strong><em>δέλεαρ</em></strong></span> <span class='ocrx_word' id='word_1_117' title='bbox 1136 1921 1325 1992; x_wconf 65' lang='grc' dir='ltr'><strong><em>καταπιών.</em></strong></span> <span class='ocrx_word' id='word_1_118' title='bbox 1374 1927 1485 2012; x_wconf 84' lang='lat' dir='ltr'><strong>Atque</strong></span> 
     </span>
     <span class='ocr_line' id='line_1_16' title="bbox 333 2033 1484 2120; baseline 0 -20"><span class='ocrx_word' id='word_1_119' title='bbox 333 2037 483 2118; x_wconf 89' lang='lat' dir='ltr'><strong>quoniam</strong></span> <span class='ocrx_word' id='word_1_120' title='bbox 504 2033 591 2098; x_wconf 84' lang='lat' dir='ltr'><strong>illam</strong></span> <span class='ocrx_word' id='word_1_121' title='bbox 614 2033 851 2098; x_wconf 89' lang='lat' dir='ltr'><strong>similitudinem</strong></span> <span class='ocrx_word' id='word_1_122' title='bbox 874 2035 993 2098; x_wconf 90' lang='lat' dir='ltr'><strong>nullam</strong></span> <span class='ocrx_word' id='word_1_123' title='bbox 1014 2035 1077 2100; x_wconf 82' lang='lat' dir='ltr'><strong>vim</strong></span> <span class='ocrx_word' id='word_1_124' title='bbox 1102 2033 1220 2098; x_wconf 90' lang='lat' dir='ltr'><strong>habere</strong></span> <span class='ocrx_word' id='word_1_125' title='bbox 1243 2036 1311 2120; x_wconf 85' lang='lat' dir='ltr'><strong>jam</strong></span> <span class='ocrx_word' id='word_1_126' title='bbox 1334 2037 1484 2100; x_wconf 83' lang='lat' dir='ltr'><strong>intellexi-</strong></span> 
     </span>
     <span class='ocr_line' id='line_1_17' title="bbox 332 2137 1481 2227; baseline -0.002 -19"><span class='ocrx_word' id='word_1_127' title='bbox 332 2157 414 2224; x_wconf 86' lang='lat' dir='ltr'><strong>mus,</strong></span> <span class='ocrx_word' id='word_1_128' title='bbox 442 2143 525 2208; x_wconf 82' lang='lat' dir='ltr'><strong>hanc</strong></span> <span class='ocrx_word' id='word_1_129' title='bbox 554 2142 767 2225; x_wconf 91' lang='lat' dir='ltr'><strong>inspiciamus.</strong></span> <span class='ocrx_word' id='word_1_130' title='bbox 817 2137 880 2226; x_wconf 79' lang='lat' dir='ltr'><strong>Qui</strong></span> <span class='ocrx_word' id='word_1_131' title='bbox 907 2142 952 2223; x_wconf 87' lang='lat' dir='ltr'><strong>fit,</strong></span> <span class='ocrx_word' id='word_1_132' title='bbox 983 2149 1020 2207; x_wconf 95' lang='lat' dir='ltr'><strong>ut</strong></span> <span class='ocrx_word' id='word_1_133' title='bbox 1049 2144 1134 2226; x_wconf 90' lang='lat' dir='ltr'><strong>ipsos</strong></span> <span class='ocrx_word' id='word_1_134' title='bbox 1162 2143 1300 2227; x_wconf 86' lang='lat' dir='ltr'><strong>thynnos</strong></span> <span class='ocrx_word' id='word_1_135' title='bbox 1328 2145 1481 2210; x_wconf 89' lang='lat' dir='ltr'><strong>Horatius</strong></span> 
     </span>
     <span class='ocr_line' id='line_1_18' title="bbox 332 2242 1482 2334; baseline -0.002 -18"><span class='ocrx_word' id='word_1_136' title='bbox 332 2242 582 2316; x_wconf 77' lang='lat' dir='ltr'><strong>commemoret?</strong></span> <span class='ocrx_word' id='word_1_137' title='bbox 621 2250 781 2333; x_wconf 84' lang='lat' dir='ltr'><strong>Equidem</strong></span> <span class='ocrx_word' id='word_1_138' title='bbox 804 2251 992 2334; x_wconf 86' lang='lat' dir='ltr'><strong>respondeo,</strong></span> <span class='ocrx_word' id='word_1_139' title='bbox 1018 2251 1093 2334; x_wconf 83' lang='lat' dir='ltr'><strong>quie</strong></span> <span class='ocrx_word' id='word_1_140' title='bbox 1114 2250 1227 2334; x_wconf 90' lang='lat' dir='ltr'><strong>thynni</strong></span> <span class='ocrx_word' id='word_1_141' title='bbox 1248 2243 1482 2318; x_wconf 88' lang='lat' dir='ltr'><strong>commemorati</strong></span> 
     </span>
     <span class='ocr_line' id='line_1_19' title="bbox 332 2354 1484 2444; baseline 0.001 -20"><span class='ocrx_word' id='word_1_142' title='bbox 332 2360 391 2424; x_wconf 87' lang='lat' dir='ltr'><strong>soli</strong></span> <span class='ocrx_word' id='word_1_143' title='bbox 411 2358 454 2441; x_wconf 92' lang='lat' dir='ltr'><strong>id,</strong></span> <span class='ocrx_word' id='word_1_144' title='bbox 481 2359 567 2442; x_wconf 91' lang='lat' dir='ltr'><strong>quod</strong></span> <span class='ocrx_word' id='word_1_145' title='bbox 589 2358 728 2423; x_wconf 89' lang='lat' dir='ltr'><strong>Horatio</strong></span> <span class='ocrx_word' id='word_1_146' title='bbox 750 2359 908 2424; x_wconf 89' lang='lat' dir='ltr'><strong>inanimo</strong></span> <span class='ocrx_word' id='word_1_147' title='bbox 932 2363 1009 2437; x_wconf 89' lang='lat' dir='ltr'><strong>erat,</strong></span> <span class='ocrx_word' id='word_1_148' title='bbox 1032 2354 1210 2442; x_wconf 86' lang='lat' dir='ltr'><strong>explebant.</strong></span> <span class='ocrx_word' id='word_1_149' title='bbox 1254 2360 1484 2444; x_wconf 69' lang='lat' dir='ltr'><strong>Thynni‘enim</strong></span> 
     </span>
     <span class='ocr_line' id='line_1_20' title="bbox 331 2467 1484 2561; baseline 0.003 -29"><span class='ocrx_word' id='word_1_150' title='bbox 331 2469 391 2534; x_wconf 91' lang='lat' dir='ltr'><strong>soli</strong></span> <span class='ocrx_word' id='word_1_151' title='bbox 412 2474 560 2533; x_wconf 90' lang='lat' dir='ltr'><strong>notorum</strong></span> <span class='ocrx_word' id='word_1_152' title='bbox 581 2468 714 2561; x_wconf 90' lang='lat' dir='ltr'><strong>piscium</strong></span> <span class='ocrx_word' id='word_1_153' title='bbox 731 2468 917 2532; x_wconf 82' lang='lat' dir='ltr'><strong>catervatim</strong></span> <span class='ocrx_word' id='word_1_154' title='bbox 938 2473 970 2532; x_wconf 92' lang='lat' dir='ltr'><strong>et</strong></span> <span class='ocrx_word' id='word_1_155' title='bbox 985 2467 1129 2532; x_wconf 89' lang='lat' dir='ltr'><strong>celeriter</strong></span> <span class='ocrx_word' id='word_1_156' title='bbox 1143 2471 1303 2551; x_wconf 85' lang='lat' dir='ltr'><strong>natant¹);</strong></span> <span class='ocrx_word' id='word_1_157' title='bbox 1326 2469 1484 2534; x_wconf 91' lang='lat' dir='ltr'><strong>Horatius</strong></span> 
     </span>
     <span class='ocr_line' id='line_1_21' title="bbox 331 2575 1484 2659; baseline 0 -18"><span class='ocrx_word' id='word_1_158' title='bbox 331 2582 439 2642; x_wconf 86' lang='lat' dir='ltr'><strong>autem</strong></span> <span class='ocrx_word' id='word_1_159' title='bbox 459 2576 520 2640; x_wconf 90' lang='lat' dir='ltr'><strong>hoc</strong></span> <span class='ocrx_word' id='word_1_160' title='bbox 541 2577 638 2640; x_wconf 87' lang='lat' dir='ltr'><strong>sensit</strong></span> <span class='ocrx_word' id='word_1_161' title='bbox 669 2575 706 2656; x_wconf 92' lang='lat' dir='ltr'><strong>,si</strong></span> <span class='ocrx_word' id='word_1_162' title='bbox 726 2575 806 2640; x_wconf 91' lang='lat' dir='ltr'><strong>haec</strong></span> <span class='ocrx_word' id='word_1_163' title='bbox 828 2582 999 2659; x_wconf 86' lang='lat' dir='ltr'><strong>praecepta</strong></span> <span class='ocrx_word' id='word_1_164' title='bbox 1018 2583 1144 2642; x_wconf 86' lang='lat' dir='ltr'><strong>secutus</strong></span> <span class='ocrx_word' id='word_1_165' title='bbox 1166 2575 1236 2655; x_wconf 88' lang='lat' dir='ltr'><strong>eris,</strong></span> <span class='ocrx_word' id='word_1_166' title='bbox 1267 2577 1404 2641; x_wconf 85' lang='lat' dir='ltr'><strong>maxime</strong></span> <span class='ocrx_word' id='word_1_167' title='bbox 1426 2577 1484 2643; x_wconf 87' lang='lat' dir='ltr'><strong>tibi</strong></span> 
     </span>
     <span class='ocr_line' id='line_1_22' title="bbox 330 2681 1485 2768; baseline 0.002 -20"><span class='ocrx_word' id='word_1_168' title='bbox 330 2683 485 2768; x_wconf 89' lang='lat' dir='ltr'><strong>proderis,</strong></span> <span class='ocrx_word' id='word_1_169' title='bbox 513 2683 620 2767; x_wconf 90' lang='lat' dir='ltr'><strong>plures</strong></span> <span class='ocrx_word' id='word_1_170' title='bbox 642 2704 732 2748; x_wconf 89' lang='lat' dir='ltr'><strong>senes</strong></span> <span class='ocrx_word' id='word_1_171' title='bbox 754 2683 814 2748; x_wconf 91' lang='lat' dir='ltr'><strong>tibi</strong></span> <span class='ocrx_word' id='word_1_172' title='bbox 834 2683 1024 2766; x_wconf 89' lang='lat' dir='ltr'><strong>concihabis,</strong></span> <span class='ocrx_word' id='word_1_173' title='bbox 1053 2684 1107 2766; x_wconf 87' lang='lat' dir='ltr'><strong>qui</strong></span> <span class='ocrx_word' id='word_1_174' title='bbox 1136 2683 1211 2746; x_wconf 90' lang='lat' dir='ltr'><strong>item</strong></span> <span class='ocrx_word' id='word_1_175' title='bbox 1237 2681 1382 2747; x_wconf 87' lang='lat' dir='ltr'><strong>celeriter</strong></span> <span class='ocrx_word' id='word_1_176' title='bbox 1405 2685 1485 2750; x_wconf 88' lang='lat' dir='ltr'><strong>alios</strong></span> 
     </span>
     <span class='ocr_line' id='line_1_23' title="bbox 313 2775 1485 2878; baseline 0.002 -22"><span class='ocrx_word' id='word_1_177' title='bbox 313 2775 510 2858; x_wconf 61' lang='lat' dir='ltr'><strong>&#39;adducente</strong></span> <span class='ocrx_word' id='word_1_178' title='bbox 577 2790 650 2875; x_wconf 75' lang='lat' dir='ltr'><strong>Qua</strong></span> <span class='ocrx_word' id='word_1_179' title='bbox 691 2791 730 2855; x_wconf 91' lang='lat' dir='ltr'><strong>de</strong></span> <span class='ocrx_word' id='word_1_180' title='bbox 769 2811 865 2856; x_wconf 90' lang='lat' dir='ltr'><strong>causa</strong></span> <span class='ocrx_word' id='word_1_181' title='bbox 905 2793 1001 2856; x_wconf 86' lang='lat' dir='ltr'><strong>etiam</strong></span> <span class='ocrx_word' id='word_1_182' title='bbox 1039 2792 1124 2874; x_wconf 91' lang='lat' dir='ltr'><strong>apud</strong></span> <span class='ocrx_word' id='word_1_183' title='bbox 1163 2791 1365 2856; x_wconf 87' lang='lat' dir='ltr'><strong>Herodotum</strong></span> <span class='ocrx_word' id='word_1_184' title='bbox 1375 2794 1399 2878; x_wconf 82' lang='lat'><strong>²)</strong></span> <span class='ocrx_word' id='word_1_185' title='bbox 1437 2800 1485 2858; x_wconf 89' lang='lat' dir='ltr'><strong>est</strong></span> 
     </span>
     <span class='ocr_line' id='line_1_24' title="bbox 331 2882 1483 2984; baseline -0.002 -22"><span class='ocrx_word' id='word_1_186' title='bbox 331 2893 502 2984; x_wconf 71' lang='grc' dir='ltr'><strong><em>ζἘῤῥιπται</em></strong></span> <span class='ocrx_word' id='word_1_187' title='bbox 524 2891 542 2962; x_wconf 85' lang='grc' dir='ltr'><em>ὃ</em></span> <span class='ocrx_word' id='word_1_188' title='bbox 564 2895 672 2982; x_wconf 81' lang='grc' dir='ltr'><strong><em>βόλος,</em></strong></span> <span class='ocrx_word' id='word_1_189' title='bbox 695 2895 733 2964; x_wconf 85' lang='grc' dir='ltr'><strong>τὸ</strong></span> <span class='ocrx_word' id='word_1_190' title='bbox 755 2882 798 2964; x_wconf 74' lang='grc' dir='ltr'><strong>δὲι</strong></span> <span class='ocrx_word' id='word_1_191' title='bbox 812 2899 944 2963; x_wconf 77' lang='grc' dir='ltr'><strong><em>δίκτυον</em></strong></span> <span class='ocrx_word' id='word_1_192' title='bbox 958 2897 1201 2979; x_wconf 76' lang='grc' dir='ltr'><strong><em>ἐκπεπέτασται,</em></strong></span> <span class='ocrx_word' id='word_1_193' title='bbox 1226 2893 1350 2964; x_wconf 82' lang='grc' dir='ltr'><strong><em>Θύννοι</em></strong></span> <span class='ocrx_word' id='word_1_194' title='bbox 1369 2892 1483 2982; x_wconf 81' lang='grc' dir='ltr'><strong><em>δὀἰμη-</em></strong></span> 
     </span>
     <span class='ocr_line' id='line_1_25' title="bbox 332 3001 1480 3091; baseline -0.003 -20"><span class='ocrx_word' id='word_1_195' title='bbox 332 3023 424 3071; x_wconf 89' lang='grc' dir='ltr'><strong><em>οουσι</em></strong></span> <span class='ocrx_word' id='word_1_196' title='bbox 447 3006 612 3091; x_wconf 82' lang='grc' dir='ltr'><strong><em>σεληναίης</em></strong></span> <span class='ocrx_word' id='word_1_197' title='bbox 642 3001 695 3070; x_wconf 76' lang='grc' dir='ltr'><strong>διὰ</strong></span> <span class='ocrx_word' id='word_1_198' title='bbox 719 3002 858 3082; x_wconf 57' lang='grc' dir='ltr'><strong><em>νυκτόςί.</em></strong></span> <span class='ocrx_word' id='word_1_199' title='bbox 901 3005 1016 3088; x_wconf 89' lang='lat' dir='ltr'><strong>Neque</strong></span> <span class='ocrx_word' id='word_1_200' title='bbox 1044 3026 1117 3069; x_wconf 88' lang='lat' dir='ltr'><strong>vero</strong></span> <span class='ocrx_word' id='word_1_201' title='bbox 1145 3007 1262 3070; x_wconf 90' lang='lat' dir='ltr'><strong>mentio</strong></span> <span class='ocrx_word' id='word_1_202' title='bbox 1292 3005 1480 3069; x_wconf 86' lang='lat' dir='ltr'><strong>cetariorum</strong></span> 
     </span>
     <span class='ocr_line' id='line_1_26' title="bbox 332 3110 1482 3200; baseline -0.001 -20"><span class='ocrx_word' id='word_1_203' title='bbox 332 3121 364 3182; x_wconf 88' lang='lat' dir='ltr'><strong>et</strong></span> <span class='ocrx_word' id='word_1_204' title='bbox 386 3110 523 3200; x_wconf 84' lang='grc' dir='ltr'><strong><em>σαγήνης</em></strong></span> <span class='ocrx_word' id='word_1_205' title='bbox 553 3116 615 3178; x_wconf 89' lang='lat' dir='ltr'><strong>vim</strong></span> <span class='ocrx_word' id='word_1_206' title='bbox 645 3115 738 3178; x_wconf 91' lang='lat' dir='ltr'><strong>huius</strong></span> <span class='ocrx_word' id='word_1_207' title='bbox 766 3112 977 3177; x_wconf 90' lang='lat' dir='ltr'><strong>similitudinis</strong></span> <span class='ocrx_word' id='word_1_208' title='bbox 1004 3117 1109 3195; x_wconf 85' lang='lat' dir='ltr'><strong>auget,</strong></span> <span class='ocrx_word' id='word_1_209' title='bbox 1142 3133 1216 3176; x_wconf 91' lang='lat' dir='ltr'><strong>nam</strong></span> <span class='ocrx_word' id='word_1_210' title='bbox 1249 3113 1372 3179; x_wconf 84' lang='lat' dir='ltr'><strong>diversa</strong></span> <span class='ocrx_word' id='word_1_211' title='bbox 1401 3113 1482 3190; x_wconf 83' lang='lat' dir='ltr'><strong>haec</strong></span> 
     </span>
     <span class='ocr_line' id='line_1_27' title="bbox 329 3205 1480 3305; baseline -0.003 -17"><span class='ocrx_word' id='word_1_212' title='bbox 329 3222 428 3288; x_wconf 78' lang='lat' dir='ltr'><strong>verba</strong></span> <span class='ocrx_word' id='word_1_213' title='bbox 444 3205 637 3305; x_wconf 53' lang='lat' dir='ltr'><strong>significant}</strong></span> <span class='ocrx_word' id='word_1_214' title='bbox 649 3221 769 3286; x_wconf 90' lang='lat' dir='ltr'><strong>cetaria</strong></span> <span class='ocrx_word' id='word_1_215' title='bbox 784 3226 915 3285; x_wconf 90' lang='lat' dir='ltr'><strong>auctore</strong></span> <span class='ocrx_word' id='word_1_216' title='bbox 932 3219 1028 3286; x_wconf 84' lang='lat' dir='ltr'><strong>schol.</strong></span> <span class='ocrx_word' id='word_1_217' title='bbox 1054 3217 1152 3301; x_wconf 81' lang='lat' dir='ltr'><strong>Oruq.</strong></span> <span class='ocrx_word' id='word_1_218' title='bbox 1168 3219 1247 3298; x_wconf 89' lang='lat' dir='ltr'><strong>,loca</strong></span> <span class='ocrx_word' id='word_1_219' title='bbox 1264 3221 1353 3285; x_wconf 84' lang='lat' dir='ltr'><strong>iuxta</strong></span> <span class='ocrx_word' id='word_1_220' title='bbox 1367 3219 1480 3302; x_wconf 89' lang='lat' dir='ltr'><strong>lacum,</strong></span> 
     </span>
     <span class='ocr_line' id='line_1_28' title="bbox 329 3320 1482 3414; baseline -0.004 -18"><span class='ocrx_word' id='word_1_221' title='bbox 329 3329 385 3396; x_wconf 91' lang='lat' dir='ltr'><strong>ubi</strong></span> <span class='ocrx_word' id='word_1_222' title='bbox 416 3336 495 3410; x_wconf 89' lang='lat' dir='ltr'><strong>cete,</strong></span> <span class='ocrx_word' id='word_1_223' title='bbox 529 3329 641 3413; x_wconf 91' lang='lat' dir='ltr'><strong>thynni</strong></span> <span class='ocrx_word' id='word_1_224' title='bbox 671 3335 702 3393; x_wconf 86' lang='lat' dir='ltr'><strong>et</strong></span> <span class='ocrx_word' id='word_1_225' title='bbox 729 3329 783 3393; x_wconf 89' lang='lat' dir='ltr'><strong>alii</strong></span> <span class='ocrx_word' id='word_1_226' title='bbox 811 3329 913 3411; x_wconf 90' lang='lat' dir='ltr'><strong>pisces</strong></span> <span class='ocrx_word' id='word_1_227' title='bbox 940 3327 1025 3411; x_wconf 90' lang='lat' dir='ltr'><strong>capti</strong></span> <span class='ocrx_word' id='word_1_228' title='bbox 1047 3326 1223 3407; x_wconf 83' lang='lat' dir='ltr'><strong>saliuntur‘,</strong></span> <span class='ocrx_word' id='word_1_229' title='bbox 1257 3320 1376 3414; x_wconf 82' lang='grc' dir='ltr'><strong><em>σαγήνη</em></strong></span> <span class='ocrx_word' id='word_1_230' title='bbox 1405 3333 1482 3410; x_wconf 89' lang='lat' dir='ltr'><strong>,rete</strong></span> 
     </span>
     <span class='ocr_line' id='line_1_29' title="bbox 330 3433 1482 3520; baseline -0.002 -18"><span class='ocrx_word' id='word_1_231' title='bbox 330 3436 493 3520; x_wconf 88' lang='lat' dir='ltr'><strong>quoddam</strong></span> <span class='ocrx_word' id='word_1_232' title='bbox 508 3442 678 3520; x_wconf 82' lang='lat' dir='ltr'><strong>magnum‘.</strong></span> <span class='ocrx_word' id='word_1_233' title='bbox 723 3436 839 3519; x_wconf 89' lang='lat' dir='ltr'><strong>Itaque</strong></span> <span class='ocrx_word' id='word_1_234' title='bbox 860 3457 931 3500; x_wconf 90' lang='lat' dir='ltr'><strong>cum</strong></span> <span class='ocrx_word' id='word_1_235' title='bbox 953 3457 993 3499; x_wconf 88' lang='lat' dir='ltr'><strong>nc</strong></span> <span class='ocrx_word' id='word_1_236' title='bbox 1015 3435 1048 3498; x_wconf 90' lang='lat' dir='ltr'><strong>in</strong></span> <span class='ocrx_word' id='word_1_237' title='bbox 1068 3433 1198 3516; x_wconf 83' lang='lat' dir='ltr'><strong>singulis</strong></span> <span class='ocrx_word' id='word_1_238' title='bbox 1220 3434 1347 3517; x_wconf 90' lang='lat' dir='ltr'><strong>quidem</strong></span> <span class='ocrx_word' id='word_1_239' title='bbox 1366 3457 1482 3501; x_wconf 90' lang='lat' dir='ltr'><strong>memo·</strong></span> 
     </span>
     <span class='ocr_line' id='line_1_30' title="bbox 329 3540 1483 3626; baseline 0 -17"><span class='ocrx_word' id='word_1_240' title='bbox 329 3544 447 3610; x_wconf 90' lang='lat' dir='ltr'><strong>rabiles</strong></span> <span class='ocrx_word' id='word_1_241' title='bbox 469 3543 689 3608; x_wconf 88' lang='lat' dir='ltr'><strong>similitudines</strong></span> <span class='ocrx_word' id='word_1_242' title='bbox 710 3545 782 3626; x_wconf 88' lang='lat' dir='ltr'><strong>sint,</strong></span> <span class='ocrx_word' id='word_1_243' title='bbox 805 3565 862 3608; x_wconf 92' lang='lat' dir='ltr'><strong>nos</strong></span> <span class='ocrx_word' id='word_1_244' title='bbox 885 3564 948 3607; x_wconf 90' lang='lat' dir='ltr'><strong>non</strong></span> <span class='ocrx_word' id='word_1_245' title='bbox 970 3540 1099 3623; x_wconf 89' lang='lat' dir='ltr'><strong>hahere,</strong></span> <span class='ocrx_word' id='word_1_246' title='bbox 1124 3561 1180 3605; x_wconf 91' lang='lat' dir='ltr'><strong>cur</strong></span> <span class='ocrx_word' id='word_1_247' title='bbox 1196 3541 1238 3605; x_wconf 92' lang='lat' dir='ltr'><strong>ad</strong></span> <span class='ocrx_word' id='word_1_248' title='bbox 1252 3541 1395 3626; x_wconf 90' lang='lat' dir='ltr'><strong>Menippi</strong></span> <span class='ocrx_word' id='word_1_249' title='bbox 1410 3564 1483 3609; x_wconf 88' lang='lat' dir='ltr'><strong>auc·</strong></span> 
     </span>
     <span class='ocr_line' id='line_1_31' title="bbox 329 3650 1481 3736; baseline 0.002 -21"><span class='ocrx_word' id='word_1_250' title='bbox 329 3653 494 3717; x_wconf 85' lang='lat' dir='ltr'><strong>toritatem</strong></span> <span class='ocrx_word' id='word_1_251' title='bbox 517 3651 634 3718; x_wconf 88' lang='lat' dir='ltr'><strong>Horat.</strong></span> <span class='ocrx_word' id='word_1_252' title='bbox 651 3656 710 3718; x_wconf 90' lang='lat' dir='ltr'><strong>sat.</strong></span> <span class='ocrx_word' id='word_1_253' title='bbox 732 3652 770 3716; x_wconf 91' lang='lat' dir='ltr'><strong>II</strong></span> <span class='ocrx_word' id='word_1_254' title='bbox 792 3655 812 3718; x_wconf 77' lang='lat'>5</span> <span class='ocrx_word' id='word_1_255' title='bbox 835 3653 986 3735; x_wconf 88' lang='lat' dir='ltr'><strong>scriptam</strong></span> <span class='ocrx_word' id='word_1_256' title='bbox 1009 3671 1076 3716; x_wconf 85' lang='lat' dir='ltr'><strong>esse</strong></span> <span class='ocrx_word' id='word_1_257' title='bbox 1097 3650 1317 3730; x_wconf 71' lang='lat' dir='ltr'><strong>existimemus</strong></span> <span class='ocrx_word' id='word_1_258' title='bbox 1338 3657 1481 3736; x_wconf 90' lang='lat' dir='ltr'><strong>apparet.</strong></span> 
     </span>
     <span class='ocr_line' id='line_1_32' title="bbox 329 3745 1481 3826; baseline -0.002 -1"><span class='ocrx_word' id='word_1_259' title='bbox 329 3760 405 3825; x_wconf 92' lang='lat' dir='ltr'><strong>Hac</strong></span> <span class='ocrx_word' id='word_1_260' title='bbox 427 3765 533 3826; x_wconf 90' lang='lat' dir='ltr'><strong>autem</strong></span> <span class='ocrx_word' id='word_1_261' title='bbox 555 3745 758 3824; x_wconf 85' lang='lat' dir='ltr'><strong>similitudine</strong></span> <span class='ocrx_word' id='word_1_262' title='bbox 784 3761 866 3824; x_wconf 91' lang='lat' dir='ltr'><strong>inter</strong></span> <span class='ocrx_word' id='word_1_263' title='bbox 887 3759 1004 3826; x_wconf 87' lang='lat' dir='ltr'><strong>Horat.</strong></span> <span class='ocrx_word' id='word_1_264' title='bbox 1026 3764 1084 3824; x_wconf 88' lang='lat' dir='ltr'><strong>sat.</strong></span> <span class='ocrx_word' id='word_1_265' title='bbox 1107 3759 1145 3824; x_wconf 86' lang='lat' dir='ltr'><strong>II</strong></span> <span class='ocrx_word' id='word_1_266' title='bbox 1167 3764 1185 3824; x_wconf 84' lang='lat'>5</span> <span class='ocrx_word' id='word_1_267' title='bbox 1209 3765 1240 3824; x_wconf 90' lang='lat' dir='ltr'><strong>et</strong></span> <span class='ocrx_word' id='word_1_268' title='bbox 1261 3757 1396 3825; x_wconf 82' lang='lat' dir='ltr'><strong>Luciani</strong></span> <span class='ocrx_word' id='word_1_269' title='bbox 1414 3758 1481 3823; x_wconf 90' lang='lat' dir='ltr'><strong>Me·</strong></span> 
     </span>
     <span class='ocr_line' id='line_1_33' title="bbox 329 3865 1481 3953; baseline 0.002 -23"><span class='ocrx_word' id='word_1_270' title='bbox 329 3868 461 3953; x_wconf 91' lang='lat' dir='ltr'><strong>nippnm</strong></span> <span class='ocrx_word' id='word_1_271' title='bbox 485 3867 674 3944; x_wconf 81' lang='lat' dir='ltr'><strong>examinata,</strong></span> <span class='ocrx_word' id='word_1_272' title='bbox 704 3865 746 3932; x_wconf 85' lang='lat' dir='ltr'><strong>ed</strong></span> <span class='ocrx_word' id='word_1_273' title='bbox 775 3865 870 3932; x_wconf 92' lang='lat' dir='ltr'><strong>finem</strong></span> <span class='ocrx_word' id='word_1_274' title='bbox 898 3889 1019 3949; x_wconf 90' lang='lat' dir='ltr'><strong>earum,</strong></span> <span class='ocrx_word' id='word_1_275' title='bbox 1049 3887 1129 3950; x_wconf 89' lang='lat' dir='ltr'><strong>quas</strong></span> <span class='ocrx_word' id='word_1_276' title='bbox 1148 3865 1262 3932; x_wconf 89' lang='lat' dir='ltr'><strong>Herm.</strong></span> <span class='ocrx_word' id='word_1_277' title='bbox 1284 3866 1481 3934; x_wconf 82' lang='lat' dir='ltr'><strong>Fritzschius</strong></span> 
     </span>
     <span class='ocr_line' id='line_1_34' title="bbox 328 3973 1480 4059; baseline 0.002 -21"><span class='ocrx_word' id='word_1_278' title='bbox 328 3975 361 4038; x_wconf 92' lang='lat' dir='ltr'><strong>in</strong></span> <span class='ocrx_word' id='word_1_279' title='bbox 390 3974 529 4038; x_wconf 90' lang='lat' dir='ltr'><strong>medium</strong></span> <span class='ocrx_word' id='word_1_280' title='bbox 558 3974 703 4057; x_wconf 90' lang='lat' dir='ltr'><strong>protulit,</strong></span> <span class='ocrx_word' id='word_1_281' title='bbox 734 3975 802 4058; x_wconf 89' lang='lat' dir='ltr'><strong>jam</strong></span> <span class='ocrx_word' id='word_1_282' title='bbox 831 3976 1047 4059; x_wconf 87' lang='lat' dir='ltr'><strong>pervenimus:</strong></span> <span class='ocrx_word' id='word_1_283' title='bbox 1080 3974 1188 4056; x_wconf 86' lang='lat' dir='ltr'><strong>itaque</strong></span> <span class='ocrx_word' id='word_1_284' title='bbox 1214 3995 1254 4039; x_wconf 91' lang='lat' dir='ltr'><strong>ne</strong></span> <span class='ocrx_word' id='word_1_285' title='bbox 1285 3973 1313 4038; x_wconf 91' lang='lat' dir='ltr'><strong>ei</strong></span> <span class='ocrx_word' id='word_1_286' title='bbox 1342 3975 1480 4058; x_wconf 88' lang='lat' dir='ltr'><strong>quidem,</strong></span> 
     </span>
     <span class='ocr_line' id='line_1_35' title="bbox 269 4081 1479 4166; baseline 0 -20"><span class='ocrx_word' id='word_1_287' title='bbox 269 4109 271 4112; x_wconf 94' lang='lat'>·</span> <span class='ocrx_word' id='word_1_288' title='bbox 329 4082 472 4166; x_wconf 85' lang='lat' dir='ltr'><strong>quamvis</strong></span> <span class='ocrx_word' id='word_1_289' title='bbox 493 4102 642 4164; x_wconf 82' lang='lat' dir='ltr'><strong>magnam</strong></span> <span class='ocrx_word' id='word_1_290' title='bbox 666 4103 796 4166; x_wconf 91' lang='lat' dir='ltr'><strong>operam</strong></span> <span class='ocrx_word' id='word_1_291' title='bbox 816 4081 1014 4166; x_wconf 84' lang='lat' dir='ltr'><strong>impenderit,</strong></span> <span class='ocrx_word' id='word_1_292' title='bbox 1037 4083 1213 4166; x_wconf 87' lang='lat' dir='ltr'><strong>contigisse,</strong></span> <span class='ocrx_word' id='word_1_293' title='bbox 1237 4087 1272 4146; x_wconf 88' lang='lat' dir='ltr'><strong>ut</strong></span> <span class='ocrx_word' id='word_1_294' title='bbox 1291 4085 1479 4149; x_wconf 89' lang='lat' dir='ltr'><strong>sententiam</strong></span> 
     </span>
     <span class='ocr_line' id='line_1_36' title="bbox 329 4188 1479 4276; baseline 0.006 -22"><span class='ocrx_word' id='word_1_295' title='bbox 329 4211 430 4267; x_wconf 90' lang='lat' dir='ltr'><strong>suam,</strong></span> <span class='ocrx_word' id='word_1_296' title='bbox 451 4188 625 4253; x_wconf 89' lang='lat' dir='ltr'><strong>Horatium</strong></span> <span class='ocrx_word' id='word_1_297' title='bbox 645 4211 737 4256; x_wconf 91' lang='lat' dir='ltr'><strong>usum</strong></span> <span class='ocrx_word' id='word_1_298' title='bbox 765 4211 832 4256; x_wconf 90' lang='lat' dir='ltr'><strong>esse</strong></span> <span class='ocrx_word' id='word_1_299' title='bbox 853 4190 1014 4274; x_wconf 90' lang='lat' dir='ltr'><strong>Menippo,</strong></span> <span class='ocrx_word' id='word_1_300' title='bbox 1043 4190 1203 4274; x_wconf 89' lang='lat' dir='ltr'><strong>probaret,</strong></span> <span class='ocrx_word' id='word_1_301' title='bbox 1227 4189 1372 4276; x_wconf 87' lang='lat' dir='ltr'><strong>judicare</strong></span> <span class='ocrx_word' id='word_1_302' title='bbox 1398 4191 1479 4262; x_wconf 87' lang='lat' dir='ltr'><strong>licet.</strong></span> 
     </span>
    </p>
   </div>
   <div class='ocr_carea' id='block_1_3' title="bbox 329 4342 560 4360">
    <p class='ocr_par' dir='ltr' id='par_1_3' title="bbox 329 4342 560 4360">
     <span class='ocr_line' id='line_1_37' title="bbox 329 4342 560 4360; baseline 0 -7"><span class='ocrx_word' id='word_1_303' title='bbox 329 4342 560 4360; x_wconf 64' lang='lat' dir='ltr'><strong>pun—u—</strong></span> 
     </span>
    </p>
   </div>
   <div class='ocr_carea' id='block_1_4' title="bbox 433 4397 1078 4474">
    <p class='ocr_par' dir='ltr' id='par_1_4' title="bbox 433 4397 1078 4474">
     <span class='ocr_line' id='line_1_38' title="bbox 433 4397 1078 4474; baseline 0 -20"><span class='ocrx_word' id='word_1_304' title='bbox 433 4400 453 4474; x_wconf 78' lang='lat'><strong>¹)</strong></span> <span class='ocrx_word' id='word_1_305' title='bbox 472 4399 517 4454; x_wconf 86' lang='lat' dir='ltr'><strong>cfr.</strong></span> <span class='ocrx_word' id='word_1_306' title='bbox 537 4399 648 4468; x_wconf 89' lang='lat' dir='ltr'><strong>Oppian.</strong></span> <span class='ocrx_word' id='word_1_307' title='bbox 667 4399 727 4454; x_wconf 89' lang='lat' dir='ltr'><strong>Hal.</strong></span> <span class='ocrx_word' id='word_1_308' title='bbox 747 4399 794 4468; x_wconf 77' lang='lat' dir='ltr'><strong>Ill¹</strong></span> <span class='ocrx_word' id='word_1_309' title='bbox 805 4397 863 4456; x_wconf 84' lang='lat'>631.</span> <span class='ocrx_word' id='word_1_310' title='bbox 968 4397 1078 4470; x_wconf 67' lang='lat' dir='ltr'><strong>²)1o4.</strong></span> 
     </span>
    </p>
   </div>
   <div class='ocr_carea' id='block_1_5' title="bbox 0 0 1658 4926">
    <p class='ocr_par' dir='ltr' id='par_1_5' title="bbox 0 0 1658 4926">
     <span class='ocr_line' id='line_1_39' title="bbox 0 0 1658 4926; baseline 0 2"><span class='ocrx_word' id='word_1_311' title='bbox 0 0 1658 4926; x_wconf 95' lang='lat' dir='ltr'><strong> </strong></span> 
     </span>
    </p>
   </div>
  </div>
 </body>
</html>
