3306 4926
768 383 980 447 „40-

398 554 517 622 Horat.
541 575 569 622 a.
592 578 623 639 p.
647 560 680 635 9,
713 557 769 622 10:
805 551 997 636 ,Pictoribus
1027 556 1124 634 atque
1149 519 1256 635 ¹poetis
1287 549 1450 637 Quidlibet

297 661 436 728 audendi
450 683 574 747 semper
591 662 651 728 fuit
666 683 769 746 aequa
783 665 945 746 potestas,
964 659 1041 730 Luo.
1055 681 1116 746 pro
1135 660 1229 743 imag.
1248 662 1287 725 18
1303 655 1451 742 ,παλαιὸς

296 757 393 848 οὗτος
425 763 443 836 ὁ
478 763 583 855 λόχος,
616 759 820 847 ἀνευθύνους
848 764 930 834 εἶναι
959 768 1012 832 καὶ
1040 764 1177 852 ποιητὰς
1203 768 1257 832 καί
1288 769 1454 853 χραφέας’.

299 879 363 944 His
384 879 461 944 loois
484 899 609 945 ornnem
630 881 694 944 vim
715 877 889 945 detrahunt
908 858 1058 962 Diphilus
1080 877 1167 959 apud
1187 875 1308 942 Athen.
1331 877 1391 960 VI,
1417 882 1450 943 1:

297 984 354 1072 ,oie
382 985 413 1052 ol
438 987 603 1073 τραγῳδοί
625 1005 734 1069 φασιν,
766 981 815 1064 οἷς
840 983 969 1065 ἐξουσία
1001 983 1087 1051 ἐστὶν
1112 985 1215 1070 λέγειν
1247 977 1379 1052 ἅπαντα
1399 987 1451 1050 καὶ

297 1107 404 1160 ποιεῖν
433 1090 565 1180 μόνοιςί,
598 1094 736 1162 Aristot.
766 1095 908 1179 Metaph.
937 1099 969 1177 1,
1003 1098 1023 1160 2
1055 1091 1148 1174 ,κατὰ
1172 1089 1231 1180 τὴν
1263 1095 1450 1180 παροιμίαν,

188 1259 190 1263 ,
298 1197 405 1267 πολλὰ
431 1195 610 1285 ψεύδονται
637 1197 752 1268 ιίοιδσίί
763 1203 797 1286 1),
824 1202 919 1268 Plato
947 1203 987 1268 de
1009 1203 1130 1288 republ.
1150 1201 1189 1268 II
1212 1207 1251 1269 17
1274 1225 1319 1289 sq.

399 1331 517 1398 Horat.
536 1332 628 1418 epod.
650 1331 749 1412 XVI,
779 1337 839 1400 21:
875 1335 948 1418 ‚ire
976 1335 1074 1420 pedes
1106 1355 1305 1421 quocumque
1332 1335 1453 1411 ferend,

299 1461 394 1508 earm.
409 1441 483 1524 ΠΙ,
515 1449 562 1524 11,
593 1448 651 1510 49:
685 1443 724 1526 ,1,
756 1445 854 1529 pedes
876 1467 940 1530 quo
965 1452 998 1511 te
1020 1448 1149 1530 rapiunt
1171 1451 1203 1512 et
1225 1452 1342 1527 aurae‘,
1374 1444 1454 1510 Lue.

298 1547 445 1619 Hermot.
473 1557 513 1618 28
541 1552 634 1634 ,ίίναι
661 1551 745 1619 ἔνθα
775 1547 819 1619 ‹b›
849 1549 933 1640 ἡμᾶς
962 1552 992 1619 oi
1020 1547 1119 1632 πόδες
1148 1556 1292 1639 φέρουσί.
1336 1553 1457 1621 Confer

299 1657 415 1724 similes
437 1660 524 1726 locos
545 1661 597 1752 ab
610 1659 785 1728 editoribus
807 1663 950 1746 inprimis
970 1661 1128 1728 Lambino
1151 1669 1183 1728 et
1203 1661 1453 1728 Mitsioherliohio

301 1766 485 1834 adnotatos:
506 1770 574 1854 jam
597 1772 693 1837 etiam
716 1772 774 1836 hos
794 1772 881 1837 looos
903 1771 1018 1836 nullius
1033 1772 1185 1836 momenti
1202 1793 1270 1838 esse
1284 1771 1457 1853 intelleges.

404 1899 520 1968 Horat.
544 1923 641 1967 earm.
662 1901 720 1968 III
742 1905 793 1981 24,
816 1905 867 1980 42,
889 1905 949 1967 43:
973 1903 1150 1986 ,pauperies
1167 1903 1302 1987 ..jubet
1324 1901 1457 1988 Quidvis

302 2015 335 2076 et
356 2009 462 2076 faeere
483 2016 515 2076 et
536 2014 624 2095 pati‘‚
659 2011 738 2078 Luo.
767 2011 893 2095 apolog.
914 2031 973 2094 pro
1003 2032 1099 2076 mero.
1127 2012 1217 2079 cond.
1242 2014 1282 2077 10
1312 2007 1381 2097 ,τὴν
1403 2035 1456 2078 πε-

301 2119 374 2184 νίαν
395 2111 504 2184 πάντα
525 2133 633 2186 ποιεῖν
649 2121 702 2185 καὶ
716 2112 852 2204 πάσχειν
871 2113 1142 2184 α’ναπείίίουσανί.
1176 2120 1287 2204 Atque
1302 2121 1455 2186 sententia

303 2225 432 2311 quidem
447 2228 502 2294 illa
517 2235 698 2313 ,paupertas
717 2227 843 2313 quidvis
858 2230 1005 2312 imperat‘
1021 2227 1171 2311 frequens
1180 2231 1245 2308 est,
1268 2234 1305 2293 ut
1320 2229 1454 2294 ooourrit

304 2337 400 2402 etiam
436 2336 523 2421 apud
554 2337 742 2417 Timoolem
777 2335 866 2404 Stob.
898 2335 966 2402 flor.
998 2335 1058 2421 (ed.
1086 2334 1200 2422 Gaisf.)
1229 2335 1288 2401 ΠΙ
1317 2340 1368 2419 96,
1401 2341 1456 2402 22:

304 2439 458 2524 ,πολλοὺς
477 2438 538 2528 γὰρ
563 2438 664 2509 ίνίοίί’
688 2469 708 2529 η
727 2441 822 2508 πενία
844 2433 984 2527 βιάζεται
1006 2435 1113 2523 ἀνάξι’
1135 2437 1248 2509 αὐτῶν
1266 2441 1343 2529 ἔργα
1370 2440 1461 2530 παρὰ

304 2547 403 2633 φύσιν
433 2559 549 2617 ποιεῖνι
576 2557 609 2617 et
637 2551 723 2636 apud
743 2551 962 2616 Philemonem
994 2543 1023 2638 ,ἡ
1052 2549 1113 2637 γὰρ
1143 2545 1260 2630 σπάνις
1288 2545 1460 2637 πρόχειρος

305 2663 349 2740 εἰς
370 2657 409 2727 τὸ
430 2661 513 2744 δρᾶν
537 2657 670 2747 aaran).
714 2661 798 2725 Earn
819 2661 917 2744 igitur
939 2662 1128 2726 sententiam
1149 2661 1234 2745 quod
1248 2661 1405 2728 Horatius
1426 2661 1460 2725 in

305 2773 390 2836 hano
410 2770 546 2835 formam
568 2769 690 2853 redegit
713 2775 897 2853 ,paupertas
915 2768 1008 2854 jubet
1031 2770 1136 2834 omnia
1156 2775 1188 2835 et
1203 2769 1309 2835 faeere
1325 2776 1357 2834 et
1371 2770 1459 2854 pati,

307 2901 428 2945 morem
437 2879 461 2964 ³)
485 2876 572 2960 apud
593 2882 704 2962 poetas
727 2883 933 2961 oratoresque
962 2877 1030 2942 late
1054 2882 1217 2960 patentem
1246 2883 1372 2942 secutus
1401 2881 1459 2956 est,

308 3009 379 3053 oum
403 2986 599 3070 oppositione
622 2984 728 3069 aliqua
750 2983 901 3048 adhibita
922 2984 1095 3067 simplicem
1117 2986 1305 3051 sententiam
1326 2985 1358 3048 iu
1371 2982 1460 3047 duas

307 3091 416 3180 partes
440 3092 652 3158 distribueret.
696 3092 814 3177 ltaque
835 3113 876 3157 ne
903 3091 983 3156 haee
1013 3092 1140 3176 quidem
1170 3092 1340 3159 similitudo
1353 3159 1356 3171 ,
1371 3090 1461 3176 quid·

308 3225 406 3289 quam
427 3203 519 3269 valet.

412 3433 433 3501 ¹)
450 3431 574 3485 convenit
586 3445 645 3484 eum
655 3429 703 3484 hoo
713 3429 771 3482 loeo
781 3428 845 3484 Luc.
855 3428 973 3482 Hermot.
984 3428 1016 3480 72
1035 3420 1061 3493 ,ὅ
1072 3443 1101 3493 χε
1116 3429 1168 3479 νῦν
1188 3426 1318 3492 ἔπραττες
1337 3424 1383 3479 καί
1401 3422 1464 3478 ἔπε-

307 3521 388 3590 νόεις,
406 3517 488 3575 οὐδὲν
504 3522 560 3573 τῶν
578 3516 805 3586 ίππσκενυαιίροιν
823 3519 873 3572 ποσί
893 3522 1026 3586 χιμαιρῶν
1043 3518 1088 3571 καί
1108 3515 1246 3585 χορχόνων
1266 3514 1401 3584 διαφέρει,
1417 3514 1463 3568 καί

190 3640 193 3648 ·
308 3607 360 3666 ὅσα
377 3611 445 3666 ollio
463 3609 562 3678 ὄνειροι
580 3610 627 3664 καί
644 3608 756 3677 ποιηταί
777 3608 824 3662 καί
840 3613 956 3678 χραφεῑς
978 3603 1118 3674 ἐλεύθεροι
1141 3602 1217 3668 ὄντες
1241 3604 1463 3658 ἀναπλάττουσιν

309 3701 371 3757 οὔτε
389 3700 519 3774 γενόμενα
536 3701 646 3755 πώποτε
666 3697 729 3754 οὔτε
747 3700 873 3768 γενέσθαι
891 3697 1048 3766 δυνάμεναί.

412 3815 432 3884 ⁴³)
451 3815 497 3871 σίν.
515 3815 595 3870 etiem
614 3815 677 3870 Hor.
696 3831 735 3884 ep.
755 3814 782 3867 11
800 3815 824 3879 2,
852 3815 883 3866 51
910 3813 1061 3882 ,paupertas
1088 3808 1195 3878 impulit
1218 3806 1304 3862 audax
1326 3805 1417 3860 ut...‘
1437 3807 1464 3858 et

310 3907 426 3963 Schmidi
446 3907 505 3962 adn.
525 3909 552 3960 et
571 3905 717 3962 Mitseherl.
735 3904 794 3959 adn.
812 3903 845 3960 ad
865 3920 944 3960 earm.
962 3901 1003 3956 Ill
1020 3902 1061 3966 24,
1081 3901 1121 3954 42.

413 4017 434 4086 ³)
452 4015 638 4084 comprobatus
665 4018 706 4070 est
731 4015 823 4069 multis
854 4013 992 4081 exemplis,
1019 4027 1130 4081 quorum
1156 4007 1283 4063 nonnulla
1311 4004 1457 4061 Mitseherl.

310 4109 343 4166 ad
365 4109 383 4162 1.
407 4110 514 4174 Horat,
549 4121 626 4175 quern
653 4107 811 4169 tractamus,
844 4107 872 4158 ot
893 4104 1017 4158 Prieneus
1044 4100 1077 4154 ad
1104 4099 1187 4168 Apul.
1210 4099 1274 4152 Met.
1298 4097 1337 4151 IX
1364 4114 1389 4166 p.
1415 4093 1463 4146 189

311 4201 448 4254 adnotant.
492 4199 625 4252 Lucienus
654 4195 732 4248 huius
760 4193 959 4248 consuetudinis
985 4191 1104 4260 exempla
1129 4189 1157 4242 in
1183 4188 1286 4258 apolog.
1310 4203 1357 4256 pro
1384 4199 1465 4240 mero.

311 4291 419 4348 eond4
446 4291 540 4357 ,μυρία
564 4284 599 4339 τὰ
620 4287 736 4352 δυσχερῆ
761 4283 874 4350 πάσχων
896 4283 943 4336 καί
969 4281 1075 4348 ποιῶσί,
1101 4279 1282 4348 ineynio.10
1307 4279 1346 4346 ,τί
1366 4271 1396 4328 δὲ
1424 4276 1467 4328 σει·

312 4379 397 4447 λέγειν
414 4373 465 4431 ὅσα
483 4379 537 4446 τῶν
554 4373 726 4444 ἀφροδισίων
750 4371 828 4430 ἕνεκα
845 4373 990 4442 πράγματα
1014 4371 1128 4426 ποιοῦσί
1147 4387 1175 4425 τε
1199 4370 1246 4422 καί
1269 4365 1421 4434 πάσχουσιν
1439 4361 1468 4418 σί

312 4463 467 4538 ἅνθρωποι1
488 4467 542 4524 det.
