3306 4926
670 295 882 362 ..29-

204 468 330 534 nandae
361 467 458 534 fuisse
487 474 630 554 apparet,
661 468 703 534 ad
735 491 830 553 quam
861 491 977 549 omnes,
1010 468 1036 534 si
1057 490 1108 536 res
1129 467 1292 554 poscebat,
1321 489 1354 534 se

201 577 414 664 applicabant.

302 685 353 750 De
374 685 487 750 ultima
509 684 711 750 similitudine
734 685 814 750 haec
835 686 918 750 dico:
944 685 970 749 si
995 685 1049 750 illa
1077 685 1241 763 sententia,
1268 686 1354 769 quod

200 794 285 874 luna,
318 794 393 876 quia
425 792 577 857 scelerum
610 793 820 856 humanorum
858 815 928 856 eam
950 791 1080 876 pudeat,
1105 813 1138 857 se
1159 792 1354 857 abscondere

201 900 326 981 dicitur,
346 899 431 984 apud
445 900 623 965 Lucianum
644 901 678 965 in
702 900 811 966 eodem
835 906 931 983 atque
947 898 1031 984 apud
1047 899 1221 965 Horatium
1234 922 1355 966 conexu
1397 947 1399 954 -

199 1015 395 1088 occurreret,
426 1007 496 1072 fieri
527 1031 591 1072 non
614 1015 732 1091 posset,
765 1009 842 1092 quin
864 1007 977 1072 Herm.
999 1007 1156 1072 Fritzsohi
1180 1010 1353 1074 sententiae

199 1139 257 1181 nos
280 1117 507 1181 addiceremus,
553 1115 618 1181 Sed
641 1138 712 1180 cum
735 1117 797 1180 alio
819 1117 852 1180 in
877 1137 1005 1192 conexu,
1028 1113 1070 1178 ad
1093 1116 1171 1180 alias
1185 1138 1237 1181 res
1258 1122 1354 1200 atque

202 1245 352 1308 personas
373 1224 531 1288 translata
554 1245 592 1287 ea
613 1225 802 1307 reperiatur,
832 1246 895 1288 non
919 1229 975 1306 est,
1004 1245 1060 1287 cur
1082 1224 1111 1287 ei
1133 1227 1352 1290 assentiamur.
1385 1307 1392 1318 Ι

203 1330 304 1395 Ιαιιιιο
325 1331 364 1396 de
386 1353 443 1394 suo
466 1331 640 1394 Horatium
663 1353 733 1394 eam
757 1332 989 1415 deprompsisse
1009 1329 1158 1413 arbitror,
1183 1354 1265 1416 quae
1287 1339 1354 1398 tam

202 1439 339 1504 dilucide
354 1439 515 1523 ingenium
538 1441 604 1504 eius
627 1461 705 1522 prae
721 1461 754 1504 se
770 1441 862 1506 ferat.
906 1439 994 1504 Nam
1016 1444 1051 1503 ut
1076 1446 1145 1503 erat
1167 1439 1297 1528 facetus,
1319 1447 1355 1505 ut

201 1545 302 1612 Orelli
323 1546 426 1610 verbis
449 1552 533 1627 utar,
564 1541 667 1610 facete
688 1547 739 1610 hic
763 1566 901 1629 quoque,
925 1551 961 1610 ut
983 1545 1164 1610 ostenderet
1186 1545 1355 1612 Canidiam

201 1655 342 1739 peiorem
368 1661 399 1719 et
421 1655 523 1736 magis
547 1653 792 1718 abominabilem
826 1654 938 1718 ceteris
960 1653 1116 1736 veneficis
1140 1655 1254 1738 quibus
1276 1656 1354 1722 alias

204 1762 316 1828 adesse
338 1763 417 1826 solet
434 1761 538 1845 Luna,
560 1761 651 1826 finxit
675 1784 745 1826 eam
767 1769 898 1846 propter
919 1761 1074 1846 pudorem
1097 1785 1164 1828 sese
1187 1764 1354 1832 abdidisse.

306 1869 457 1954 Singulae
474 1871 572 1952 igitur
587 1871 660 1934 illac
684 1869 903 1935 similitudines
923 1871 1002 1934 nihil
1023 1871 1138 1954 ualent,
1161 1893 1263 1956 neque
1284 1873 1355 1956 plus

203 1965 394 2056 cumulatae}
420 2000 492 2042 cum
522 1999 629 2042 omnes
650 1978 692 2042 ad
714 1999 780 2042 rem
796 1979 962 2068 ,magicam
984 1979 1172 2061 pertineant,
1196 1981 1285 2044 ouius
1308 1982 1355 2045 rei

203 2092 378 2170 apparatus
405 2085 445 2150 ab
467 2085 612 2150 Homero
636 2091 706 2150 erat
729 2086 902 2150 certissime
926 2087 1123 2152 constitutus.
1168 2086 1263 2170 Quod
1284 2111 1355 2173 psy-

203 2193 416 2257 chomantiam
439 2194 565 2257 omnino
588 2194 784 2276 perstrinxit,
817 2215 856 2256 ne
877 2193 971 2256 huius
993 2193 1120 2275 quidem
1142 2196 1188 2257 rei
1212 2196 1354 2279 exemplo

202 2298 358 2365 Horatius
381 2287 504 2382 egebat,
528 2302 604 2384 quia
624 2302 705 2366 tales
728 2307 815 2366 artes
830 2301 921 2387 illisl)
937 2301 1134 2385 temporibus
1149 2305 1285 2368 maxime
1299 2304 1354 2370 flo-

205 2413 310 2472 rentes
335 2406 430 2474 bilem
452 2410 518 2474 eius
539 2430 667 2474 movere
686 2430 813 2473 necesse
836 2414 913 2475 erat.

304 2535 419 2606 Horat.
443 2538 510 2604 Sat.
533 2539 552 2604 I
577 2541 605 2620 1,
635 2541 777 2602 68-71:
813 2537 979 2617 ‚Tantalus
1007 2561 1027 2602 a
1054 2538 1151 2604 labris
1178 2541 1285 2606 sitiens
1308 2542 1354 2606 f-

205 2647 323 2729 gientia
342 2652 453 2730 captat
472 2647 621 2711 Flumina
641 2685 683 2696 -
706 2646 782 2728 quid
804 2645 914 2710 rides?
958 2646 1085 2711 Mutato
1115 2650 1241 2714 nomine
1263 2650 1302 2715 de
1322 2657 1354 2716 te

205 2751 331 2818 Fabula
352 2761 517 2818 narratur:
550 2755 707 2836 congestis
734 2753 873 2836 undique
902 2755 1001 2818 saccis
1028 2753 1189 2818 Indormis
1219 2756 1353 2822 inhians‘

204 2868 236 2925 et
269 2860 348 2926 Luc.
382 2861 464 2926 Tim.
497 2865 536 2927 18
572 2857 713 2943 ,διδόασι
750 2865 805 2944 (sc.
839 2862 942 2947 avari)
976 2857 1035 2947 τὴν
1066 2861 1158 2948 δίκην
1192 2856 1302 2949 ὥσπερ
1336 2864 1354 2930 ὁ

205 2961 366 3047 Τάνταλος
389 2963 507 3034 ἄποτοι
524 2971 576 3034 καὶ
594 2964 742 3055 ἄγευστοι
757 2970 809 3032 καὶ
827 2971 917 3056 ξηροὶ
934 2966 972 3034 τὸ
996 2962 1109 3054 στόμα,
1132 2967 1355 3056 ἐπικεχηνότες

203 3069 305 3162 μόνον
340 3080 389 3164 τῷ
411 3079 544 3164 χρυσίῳζ
575 3085 607 3143 et
628 3078 706 3170 Luc.
730 3077 828 3143 Ohar.
854 3081 892 3141 15
922 3074 963 3156 ‚ui
985 3076 1110 3154 ἐλπίδες
1132 3073 1354 3164 ἀναπτάμεναι

204 3177 356 3270 οἴχονται,
371 3179 546 3271 κεχηνότας
562 3181 682 3261 αὐτοὺς
697 3179 927 3258 ἀπολιποῦσαι,
950 3175 1030 3267 ὅπερ
1046 3185 1099 3248 καὶ
1113 3180 1173 3248 τὸν
1191 3179 1354 3252 Τάνταλον

202 3290 292 3359 κάτω
312 3288 482 3379 πάσχοντα
503 3288 584 3382 ὁρᾷς
605 3287 673 3357 ὑπὸ
695 3296 755 3357 τοῦ
776 3285 917 3368 ddutoe‘.
952 3291 1040 3376 Quos
1060 3293 1146 3358 locos
1165 3299 1201 3360 ut
1215 3290 1299 3359 inter
1321 3316 1354 3360 se

204 3403 389 3487 conjungat,
413 3401 537 3466 duabus
559 3402 663 3465 causis
683 3400 797 3466 Herm.
820 3399 1016 3464 Fritzsohius
1038 3407 1194 3480 movetur,
1216 3403 1354 3486 primum

206 3511 291 3595 quod
327 3517 464 3594 utroque
496 3509 566 3574 loco
606 3509 692 3574 dives
723 3530 794 3573 cum
824 3507 963 3572 Tantalo
992 3514 1205 3592 comparatur,
1240 3509 1355 3576 deinde

203 3599 296 3704 qnod
309 3619 435 3684 inhians
457 3617 509 3682 ille
530 3617 726 3701 perhibetur,
749 3616 805 3680 sed
830 3636 941 3680 earum
957 3636 1063 3680 rerum
1078 3622 1192 3681 neutra
1209 3617 1256 3682 ita
1271 3639 1354 3686 com·

202 3733 319 3812 parata
342 3731 399 3807 est,
431 3733 467 3791 ut
489 3747 509 3790 a
532 3725 691 3790 communi
712 3731 842 3790 auctore
867 3721 1110 3808 descriptionem
1130 3727 1263 3808 petitam
1286 3749 1354 3794 esse

202 3835 326 3920 probet.
375 3834 505 3898 Etenim
531 3831 661 3898 Tantali
690 3831 800 3896 fabula
827 3832 867 3897 de
896 3832 1000 3896 avaris
1025 3837 1181 3914 usurpata
1209 3833 1354 3900 omnibus

202 3950 331 4028 praesto
343 3947 422 4023 erat,
434 3947 605 4025 postquam
617 3940 806 4026 philosophi,
819 3941 852 4006 in
866 3939 977 4025 primis
987 3937 1108 4026 Teles2)
1123 3939 1353 4026 Pythagoreus,

203 4051 377 4118 Tantalum
405 4057 443 4114 ut
471 4049 641 4134 imaginem
672 4048 853 4133 cupiditatis
882 4070 946 4112 non
975 4045 1148 4130 explendae
1170 4050 1262 4132 quasi
1283 4071 1354 4114 san·

308 4283 329 4350 ¹)
346 4285 416 4338 teste
435 4281 489 4337 Cic.
508 4280 586 4334 Tusc.
608 4279 622 4334 Ι
641 4281 680 4346 16,
699 4279 730 4334 (1ο
749 4280 858 4334 divinat.
876 4277 890 4332 Ι
907 4278 964 4344 132,
982 4279 1009 4332 in
1026 4280 1113 4333 Vatin.
1131 4281 1154 4346 6,
1175 4280 1213 4335 14.

306 4373 327 4446 ²)
349 4373 424 4428 Stob.
444 4373 484 4439 97,
504 4371 555 4440 313
573 4369 605 4426 cf.
626 4371 707 4426 Orelli
726 4374 754 4426 ot
768 4368 912 4439 Kiesslingi
931 4369 990 4425 adn.
1010 4385 1034 4424 a.
1052 4368 1076 4422 h.
1096 4370 1113 4423 l.
