3306 4926
762 367 976 430 -12-

285 553 357 598 oum
378 531 521 618 Menippi
542 538 668 600 saturas
688 557 750 602 neo
774 557 813 603 ea
829 537 936 604 forma
959 537 1093 622 scriptas
1119 558 1186 604 esse
1214 548 1273 604 nec
1305 559 1360 604 eas
1388 561 1441 606 res

285 641 477 708 continuisse
505 641 599 724 dicat,
629 643 745 728 quibus
775 645 931 711 Horatius
962 645 1047 710 allici
1075 651 1191 728 posset.
1249 645 1336 710 Nam
1367 667 1440 712 cum

286 769 382 834 prosa
413 754 445 814 et
473 751 599 834 poetica
629 754 772 819 oratione
806 753 1001 837 compositae
1028 758 1133 818 essent
1162 758 1260 836 atque
1287 753 1383 819 duras
1408 759 1440 820 et

286 863 430 942 agrestes
441 881 492 924 res
502 861 708 943 continerent,
720 863 826 948 potius
838 861 879 928 ab
891 863 930 928 iis
942 861 1117 928 Horatium
1130 861 1308 945 elegantiae
1318 862 1440 931 formae

285 973 318 1032 et
338 965 530 1034 urbanitatis
550 971 730 1055 argumenti
746 972 999 1037 amantissimum
1015 971 1169 1037 deterreri
1184 992 1312 1037 necesse
1332 971 1438 1054 fuisse,

284 1077 473 1160 praesertim
487 1097 559 1142 cum
572 1076 699 1162 Cynicis
715 1080 842 1145 omnino
864 1101 928 1144 non
943 1078 1071 1146 faveret.
1101 1078 1241 1144 Haecin
1257 1078 1439 1146 universum

285 1181 326 1247 de
348 1181 500 1268 Menippo
523 1189 556 1249 et
577 1183 717 1251 Horatio
740 1186 867 1270 prolata
889 1191 972 1251 sunt.

386 1290 573 1376 Menippum
587 1291 726 1360 Horatio
741 1295 885 1378 ignotum
902 1293 1000 1359 fuisse
1011 1293 1194 1358 incredibile
1209 1292 1287 1359 mihi
1301 1294 1439 1374 videtur;
1491 1301 1495 1309 '

286 1399 341 1464 sed
373 1397 448 1465 inde
479 1422 543 1467 non
575 1403 719 1485 sequitur
747 1402 847 1468 illum,
864 1403 938 1468 huic
972 1403 1114 1487 exemplo
1148 1402 1255 1468 fuisse.
1305 1403 1378 1488 Qua
1406 1404 1440 1468 in

199 1571 201 1576 ,
275 1507 471 1590 ¹quaestione
503 1507 710 1591 disceptanda
739 1511 858 1594 partim
887 1512 998 1593 amori,
1027 1532 1090 1594 quo
1113 1510 1272 1577 Horatius
1295 1510 1439 1579 Graecos

285 1614 457 1697 scriptores
483 1615 749 1698 amplectebatur,
782 1619 901 1701 partim
928 1619 994 1684 eius
1021 1619 1126 1684 studio
1155 1618 1325 1684 verborum
1350 1619 1439 1683 lima-

284 1724 392 1785 torum
414 1727 511 1805 atque
533 1743 641 1786 rerum
662 1723 840 1790 facetorum
862 1726 908 1790 vis
927 1725 1050 1792 tributa
1078 1732 1134 1794 est.
1177 1725 1333 1792 Adversis
1355 1727 1439 1792 fron·

285 1829 370 1894 tibus
403 1830 483 1896 haec
517 1838 707 1915 argumenta
737 1833 820 1899 inter
853 1855 887 1900 se
919 1841 1080 1920 pugnant;
1114 1841 1223 1902 utrum
1252 1835 1356 1920 majus
1390 1837 1439 1915 sit,

285 1939 459 2022 quaeritur.
503 1937 609 2025 Quam
638 1942 855 2025 quaestionem
878 1963 951 2008 cum
976 1944 1009 2008 in
1031 1944 1212 2009 universum
1242 1944 1439 2027 disputantes
1475 2022 1478 2027 ,

286 2046 448 2113 diudicare
470 2069 528 2113 nos
552 2070 616 2114 non
638 2070 731 2133 posse
751 2050 898 2132 arbitrer,
923 2052 1003 2136 jam,
1029 2058 1065 2118 ut
1090 2051 1124 2116 id
1147 2051 1234 2137 quod
1255 2051 1346 2117 nobis
1367 2073 1439 2136 pro·

229 2215 230 2223 ,
285 2157 447 2239 posuimus
469 2153 680 2240 perficiamus,
711 2157 957 2242 confugiendum
978 2165 1027 2224 est
1057 2159 1100 2224 ad
1130 2159 1270 2243 singulas
1297 2157 1439 2224 similitu-

285 2262 374 2330 dines
396 2264 633 2332 examinandas.

387 2372 441 2438 Ad
469 2374 598 2438 tertiam
623 2373 721 2458 igitur
746 2374 839 2440 huius
868 2373 1099 2440 dissertationis
1124 2378 1251 2458 partem
1278 2394 1336 2439 nos
1367 2395 1439 2438 con·

284 2486 453 2546 vertamus.
497 2481 544 2548 Ut
565 2481 786 2548 similitudines
806 2483 889 2548 inter
911 2481 1086 2548 Horatium
1113 2487 1145 2547 et
1166 2481 1354 2562 humanum,
1385 2482 1440 2564 qui
1553 2543 1555 2548 .

284 2586 471 2672 Menippum
488 2589 665 2655 aemulatus
681 2595 738 2669 est,
760 2590 971 2669 enuclearent,
987 2589 1176 2656 Theodorus
1191 2595 1223 2656 et
1233 2589 1439 2655 Hermannus

284 2696 455 2762 Frituschii
473 2703 505 2762 et
523 2695 565 2764 Α
578 2696 793 2776 Heinrichius
815 2698 874 2763 viri
893 2699 1098 2783 sagacissimi,
1121 2719 1251 2782 operam
1274 2697 1439 2777 dederunt,

285 2827 303 2870 e
324 2804 439 2890 quibus
454 2805 773 2874 HermFritzschius
787 2807 892 2872 'etiam
914 2806 1132 2872 similitudines
1153 2807 1237 2872 inter
1247 2805 1439 2886 Varronem,

285 2916 362 2980 item
393 2913 536 2999 Menippi
567 2915 776 2996 imitatorem,
815 2920 847 2980 et
878 2915 1054 2980 Horatium
1084 2915 1275 2998 investigare
1308 2913 1439 2980 studuit.

287 3022 407 3107 Itaque
429 3023 507 3088 satis
529 3043 660 3106 gravem
682 3043 812 3088 causam
826 3043 878 3087 me
899 3021 1018 3088 habere
1039 3027 1128 3106 puto,
1151 3042 1207 3086 cur
1223 3020 1454 3092 similitudines

286 3129 327 3195 ab
348 3130 409 3195 illis
432 3129 603 3214 indagatas
624 3129 720 3195 modo
741 3130 776 3195 in
799 3150 932 3196 examen
953 3150 1071 3196 vocem.
1105 3129 1184 3195 Jam
1199 3134 1306 3195 autem
1320 3129 1443 3194 exsistit

287 3239 443 3324 quaestio,
475 3238 634 3322 quomodo
658 3260 712 3304 eas
735 3238 966 3321 similitudines,
997 3259 1080 3322 quae
1106 3237 1235 3322 quidem
1262 3239 1325 3303 sint
1346 3238 1442 3322 paulo

286 3348 457 3432 graviores,
479 3352 567 3412 ortas
589 3367 657 3412 esse
677 3346 887 3430 judicandum
912 3347 961 3414 sit.
1005 3347 1116 3430 Atque
1135 3345 1323 3413 Theodorus
1340 3347 1442 3412 rotz:

286 3454 401 3534 schius,
423 3453 611 3520 Hermanno
626 3453 805 3518 Fritusohio
828 3459 860 3520 et
874 3453 1015 3518 Martino
1030 3453 1165 3519 Hertzio
1187 3453 1442 3534 assentientibus,

285 3563 360 3629 inde
382 3584 437 3628 eas
460 3568 547 3628 ortas
570 3583 638 3628 esse
661 3567 776 3642 censet,
801 3561 887 3646 quod
906 3561 1063 3628 Horatius
1085 3567 1117 3626 et
1131 3561 1293 3628 Lucienus
1316 3585 1355 3629 ex
1376 3562 1442 3628 Me·

287 3673 375 3757 nippi
396 3671 485 3736 libris
506 3677 668 3756 tamquam
692 3673 852 3737 communi
873 3671 961 3737 fonte
982 3671 1158 3752 haurirent,
1189 3671 1223 3736 id
1250 3671 1336 3756 quod
1357 3671 1442 3735 Her-

287 3802 423 3845 mannus
443 3779 639 3845 Fritzsohius
667 3781 760 3845 etiam
788 3779 828 3847 de
857 3779 1122 3861 similitudinibus,
1155 3801 1238 3863 quac
1269 3781 1332 3844 sint
1359 3780 1442 3844 inter

289 3888 469 3956 Varronem
497 3893 529 3954 et
550 3888 734 3967 Horatium,
764 3888 904 3972 intellegi
934 3888 1011 3969 vult,
1040 3893 1153 3952 contra
1174 3887 1216 3954 A.
1236 3886 1442 3952 Heinrichius

287 3999 372 4081 inde,
395 3996 482 4082 quod
497 3997 659 4062 Lucienus
681 3997 825 4063 hauriret
840 4018 879 4062 ex
893 3995 1013 4062 Horati
1033 3997 1159 4060 saturis.
1204 3993 1324 4061 Theod.
1339 3995 1441 4062 Fritz·

288 4107 393 4172 schius
408 4107 597 4173 sententiam
617 4127 708 4171 suam
723 4104 900 4186 confirmat,
924 4125 996 4169 cum
1017 4124 1085 4187 ,pro
1100 4104 1179 4188 laps.
1194 4103 1227 4167 in
1242 4101 1343 4168 salut‘
1360 4124 1383 4170 c.
1401 4107 1440 4170 13

285 4210 452 4296 ,ἀλλὰκαὶ
476 4207 566 4300 ὑμεῖς
589 4208 690 4289 αὐτοὶ,
714 4213 742 4280 εἲ
763 4237 795 4279 τι
816 4209 907 4299 κᾶγιύ
929 4217 987 4298 τῆς
1002 4208 1169 4297 Ῥωμαίων
1192 4212 1306 4295 φωνῆς
1327 4209 1441 4289 ἐπαΐω,

285 4317 363 4400 τούς
383 4315 686 4408 προςαγορεύοντας
708 4315 986 4407 ἀντιδεξιούμενοι
1012 4322 1060 4406 τῷ
1081 4322 1137 4406 τῆς
1160 4313 1282 4402 ὑγιείας
1304 4311 1442 4404 ὀνόματι

287 4423 445 4512 πολλάκις
465 4423 645 4516 ἀμείβεσθε(
677 4429 801 4514 afferat,
831 4429 887 4496 ubi
907 4429 1087 4496 Lucienum
1118 4428 1222 4514 ipsum
1249 4448 1284 4494 se
1313 4427 1442 4513 liuguae
