3306 4926
577 366 579 378 ’
691 347 901 407 -27·-

218 533 335 581 camus.
380 512 430 581 cf.
446 515 542 580 etiam
558 513 674 582 Tibull.
688 513 746 580 ΙΙΙ
762 517 791 595 3,
815 519 870 583 21:
892 515 977 595 ‚Non
993 515 1106 600 opibus
1128 522 1249 582 mentes
1270 515 1386 584 homi·'

216 645 291 688 num
307 643 467 708 curaeque
488 623 652 690 levantur‘.
697 621 763 688 Sed
786 623 825 688 de
844 623 976 690 Lucreti
991 646 1018 692 v.
1034 623 1081 704 ΙΙ,
1105 627 1245 691 34—36:
1280 624 1371 704 ,Nec

216 731 339 798 calidae
361 731 454 797 citius
476 731 632 798 decedunt
653 752 787 816 corpore
808 731 923 812 febres,
947 731 1123 798 Textilibus
1144 733 1220 798 siin
1235 733 1370 818 picturis

216 845 367 924 ostroque
390 839 517 906 rubenti
538 839 689 920 dacteris,
712 861 809 924 quam
831 840 857 904 si
878 839 910 904 in
931 833 1164 924 plebeia'veste
1177 840 1370 908 ,cubandum

216 954 272 1014 est‘
287 948 464 1042 Horatium
486 950 642 1034 cogitasse
664 949 766 1038 magis
786 948 943 1032 placet1),
966 948 1053 1032 quod
1074 949 1189 1016 similia
1205 949 1371 1016 enuntiata

214 1056 329 1134 ,febres
350 1057 507 1126 deducere
527 1065 671 1144 ccrpcre‘
694 1063 726 1124 et
748 1056 863 1138 ,febres
885 1057 1044 1124 decedunt
1057 1066 1201 1146 corpore‘
1223 1058 1370 1145 flagitare

215 1165 371 1232 videntur.

315 1274 389 1341 Has
419 1276 503 1339 inter
527 1273 708 1344 Varronem
743 1281 776 1341 et
802 1275 977 1342 Horatium
1008 1275 1228 1342 similitudines
1255 1276 1370 1346 Herm.

215 1383 410 1450 Fritzschius
432 1381 540 1448 affert:
569 1383 652 1449 leves
675 1404 728 1448 eas
749 1405 816 1450 esse
837 1405 940 1468 neque
962 1382 1116 1466 sufficere,
1138 1389 1174 1449 ut
1195 1383 1370 1476 Heratium

214 1515 286 1558 cum
297 1493 445 1561 Varrone
466 1499 498 1557 et
515 1492 666 1577 Menippo
688 1498 900 1572 conectamus,
920 1491 1063 1560 vidimus.
1106 1491 1253 1557 Alterum
1271 1493 1371 1576 igitur

213 1601 327 1668 Herm.
349 1600 505 1666 Fritzschi
527 1605 750 1684 argumentum
772 1601 899 1680 corruit,
929 1621 994 1684 qua
1017 1621 1113 1666 exre
1137 1599 1213 1684 quid
1238 1598 1277 1664 de
1299 1605 1370 1666 tota
1429 1661 1432 1667 .

214 1711 282 1776 eius
305 1711 460 1775 sententia
479 1709 655 1794 judicanda
677 1714 839 1793 sequatur,
863 1709 978 1773 elucet:
1001 1709 1117 1774 etenim
1140 1706 1166 1773 s'i
1188 1729 1264 1773 usus
1285 1714 1370 1776 esset

212 1818 370 1884 Horatius
385 1817 545 1901 Menippo,
569 1839 683 1901 graves
703 1817 923 1882 similitudines
944 1818 1028 1882 inter
1043 1815 1219 1883 Horatium
1241 1815 1369 1886 etVar·

212 1949 323 1992 renem
352 1931 477 1992 exstare
507 1947 634 1990 necesse
665 1929 784 2010 esset.²)
844 1923 1070 1994 Verumtamen
1105 1926 1240 1991 alterum
1271 1947 1367 2010 argu·

212 2041 362 2114 mentum,
386 2033 605 2099 similitudines
620 2035 703 2119 inter
712 2033 886 2102 Horatium
905 2039 937 2099 et
951 2033 1133 2098 Lucianum
1150 2033 1367 2118 investigatas,

212 2145 430 2228 inspiciamus
463 2144 509 2208 ita
540 2147 648 2210 tamen
670 2128 715 2208 ¹ut
735 2143 952 2226 neglegamus,
986 2163 1065 2226 quas
1097 2147 1129 2207 et
1159 2143 1227 2226 ipse
1253 2141 1367 2212 Herm.

212 2251 408 2317 Fritzschius
430 2273 494 2317 non
515 2253 597 2317 tanti
626 2253 775 2318 aestimat
802 2256 834 2318 et
859 2273 930 2331 nos,
957 2273 1029 2316 cum
1057 2250 1096 2316 de
1118 2250 1240 2318 Theod.
1264 2251 1368 2318 Fritz-

215 2361 301 2426 schio
326 2359 571 2444 disputaremus,
606 2382 704 2426 vanas
731 2379 799 2425 esse
822 2360 891 2444 jam
913 2359 1135 2425 intelleximus.
1179 2359 1242 2425 His
1269 2361 1368 2445 igitur

213 2470 264 2536 ille
286 2470 398 2534 nititur
418 2469 509 2534 locis:

314 2577 431 2643 Horat.
448 2582 506 2643 sat.
522 2573 585 2655 14,
607 2579 639 2640 1:
662 2573 805 2660 ,Eupolis
827 2581 924 2660 atque
947 2574 1097 2642 Oratinus
1118 2570 1366 2659 Aristophanes-

216 2693 294 2769 que‘‚
324 2685 404 2750 Luc.
423 2684 473 2752 bis
502 2704 604 2750 accus.
627 2686 668 2750 33
692 2679 763 2764 ,τὸν
786 2678 933 2750 Εὔπολιν
954 2685 1007 2749 καὶ
1030 2679 1091 2748 τὸν
1113 2675 1367 2770 Ἀριστοφάνην,

216 2793 271 2862 cfr.
295 2794 390 2859 etiam
411 2794 487 2878 pise.
508 2796 558 2860 25.
608 2791 738 2858 Totiens
748 2793 774 2878 ³)
803 2791 936 2878 Eupolis
968 2799 1000 2858 et
1018 2791 1255 2875 Aristophanes
1287 2797 1368 2859 tam-

214 2925 310 2988 quam
336 2901 522 2968 nobilissimi
555 2901 737 2966 comoediae
763 2900 894 2968 Atticae
923 2903 1075 2986 antiquae
1104 2905 1251 2966 auctores
1285 2923 1368 2970 com-

212 3017 382 3097 ponuntur,
408 3017 444 3076 ut
465 3011 544 3076 haec
567 3009 738 3076 similitudo
761 3010 880 3076 nullam
901 3009 1057 3095 praebeat
1080 3031 1219 3091 causam,
1250 3033 1307 3078 cur
1329 3034 1368 3078 ex

213 3119 324 3186 eodem
344 3119 432 3184 lonte
451 3119 521 3184 illos
544 3117 688 3184 hausisse
714 3119 889 3202 opinemur.
1413 3109 1417 3118 “

313 3225 432 3294 Horat.
455 3231 514 3294 sat.
537 3225 563 3306 Ι,
588 3230 616 3306 8,
638 3230 780 3293 26-28:
812 3225 973 3310 ,Scalpere
999 3231 1119 3292 terram
1142 3227 1312 3311 Unguibus
1336 3233 1368 3293 et

212 3336 333 3420 pullam
353 3333 500 3400 divellere
518 3335 678 3400 mordicus
700 3356 817 3419 agnam
838 3334 1042 3418 Coeperuut3
1068 3355 1163 3401 cruor
1189 3337 1222 3400 in
1248 3335 1367 3401 fossam

213 3443 371 3508 confusus‘
392 3447 424 3506 et
436 3441 695 3528 Luc.Menipp.9
715 3435 854 3527 ,βόθρον
876 3467 910 3509 τε
933 3437 1132 3528 ὠρυξάμεθα
1152 3445 1205 3508 καὶ
1227 3440 1267 3510 τὰ
1284 3447 1367 3530 μῆλα

212 3541 396 3632 occasune>
418 3549 470 3612 καὶ
489 3544 528 3613 τὸ
551 3545 627 3634 αἷμα
649 3551 723 3634 περὶ
745 3546 850 3616 αὐτὸν
872 3548 1089 3636 ἐσπείσαμενᾏ

315 3654 433 3723 Horat.
452 3661 512 3722 sat.
534 3655 553 3720 I
575 3659 607 3742 8,
633 3660 683 3736 33,
711 3660 769 3722 34:
804 3657 962 3738 ‚Hecaten
983 3663 1078 3725 vocat
1098 3657 1209 3736 altera,
1238 3680 1365 3726 saevam

214 3763 330 3830 Altera
348 3763 552 3849 Tisiphonen‘
575 3771 606 3830 et
626 3765 707 3832 Luc.
725 3765 865 3851 Menipp.
890 3771 909 3834 9
930 3761 958 3847 ,ὁ
981 3767 1017 3832 dl
1038 3760 1138 3852 μάγος
1155 3765 1192 3832 ἐν
1214 3758 1365 3854 τοσούτῳ

215 3870 297 3959 δᾷδα
326 3873 490 3959 καομένην
518 3872 602 3958 ἔχων
624 3875 835 3960 παμμέγεθες,
865 3871 913 3952 cde
942 3867 1011 3952 οἶός
1032 3898 1066 3940 τε
1088 3863 1137 3961 ἦν,
1167 3868 1365 3962 άνακραγοάν

214 3975 367 4064 δαίμονάς
381 4005 417 4047 τε
438 3972 522 4067 ὁμοῦ
536 3977 663 4060 πάντας
685 3981 843 4061 ἐπεβοᾶτο
867 3983 920 4046 καὶ
935 3977 1057 4060 Ποινὰς
1076 3983 1128 4047 καὶ
1143 3975 1310 4068 Ἐρινάαςκ
1332 3985 1366 4050 αὶ

213 4087 326 4173 νυχίαν
341 4081 480 4175 Ἑκάτην
503 4089 557 4153 καὶ
579 4087 714 4177 ἐπαινὴν
735 4081 1000 4175 Περσεφόνειαν,

315 4249 336 4314 ¹]
353 4250 404 4304 hcc
424 4251 630 4320 Wciagaertner.
650 4249 667 4304 l.
686 4251 704 4305 l.
722 4265 748 4318 p.
769 4250 800 4302 17
818 4250 949 4319 opinatur.

317 4337 337 4406 ²)
354 4339 395 4394 ita
414 4340 496 4394 etiam
513 4335 550 4392 A.
570 4339 737 4394 Heinrichius
754 4339 772 4392 l.
791 4339 809 4393 1.
829 4356 855 4408 p.
874 4340 906 4392 10
922 4338 1105 4394 ratiocinatur.

317 4428 336 4498 ³)
356 4430 412 4498 ipsc
431 4430 519 4485 Herm.
537 4428 701 4506 Fritzschius
719 4430 746 4484 in
765 4428 825 4486 adn.
843 4445 866 4484 a.
886 4429 912 4484 h.
931 4429 950 4486 l.
968 4429 1085 4500 exempla
1102 4429 1229 4486 emolat.
