3306 4926
757 405 970 467 „10..

283 575 420 652 saturae,
443 595 523 658 quas
544 575 732 659 Menippeas
752 575 804 642 ille
827 577 1138 659 vocavit,1)utipse
1166 574 1252 656 dicit,
1263 579 1284 657 ²)
1309 571 1442 656 ,Menip-

283 702 360 764 pum
381 682 533 765 imitatuS,
559 706 623 749 non
644 685 893 769 interpretatus.
936 683 1063 748 Deinde
1083 681 1211 748 Probus
1222 684 1246 770 ³)
1268 683 1317 747 his
1338 679 1442 747 verbis

284 791 319 868 ,is
342 790 398 876 (sc.
421 791 604 879 Menippus)
628 815 754 878 quoque
778 794 945 877 omnigeno
976 793 1116 858 carmine
1148 797 1275 856 saturas
1295 811 1369 856 suas
1391 811 1442 854 ex-

284 899 450 983 poliverat‘
482 901 515 965 id
544 907 691 983 testatur,
725 902 780 966 ubi
806 903 910 986 ipsum
933 908 1062 966 saturae
1091 923 1206 966 nomen
1234 900 1443 966 translatione

285 1007 425 1090 quadam
461 1008 502 1074 ab
539 1010 701 1076 imitatore
729 1011 877 1076 Romano
910 1012 1011 1095 petita
1041 1010 1081 1074 de
1110 1009 1237 1076 Graeco
1263 1009 1443 1073 litterarum

286 1138 401 1199 genere
417 1123 602 1204 usurpatur.
647 1119 730 1184 Tum
752 1141 791 1184 ex
809 1121 908 1203 ipsius
922 1118 1065 1202 Menippi
1079 1115 1234 1182 librorum
1248 1115 1444 1199 fragmentis,

286 1246 369 1308 quae
402 1226 444 1291 ad
475 1249 533 1293 nos
566 1235 795 1312 pervenerunt,
832 1227 912 1294 illud
948 1229 1089 1308 elucet.⁴)
1152 1225 1321 1290 Postremo
1354 1224 1445 1288 testis

285 1334 456 1417 Lucienus,
485 1337 540 1420 qui
566 1355 630 1402 non
652 1338 754 1402 solum
779 1338 922 1403 oratione
944 1337 977 1400 in
998 1336 1087 1400 illum
1107 1334 1237 1399 modum
1259 1333 1359 1396 mixta
1378 1331 1445 1395 Me·

285 1444 417 1526 nippum
450 1449 593 1510 utentem
623 1445 738 1527 facit,⁵)
775 1446 831 1511 sed
864 1447 960 1511 etiam
991 1445 1096 1509 verbis
1130 1440 1178 1524 ,τό
1211 1435 1272 1526 γὰρ
1305 1435 1445 1504 πάντων

286 1545 508 1617 ἀτοπώτατον
538 1591 580 1600 —-
609 1551 733 1634 conus)
764 1553 842 1617 illud
871 1552 1001 1617 indicat.
1057 1552 1181 1619 Versus
1210 1555 1332 1628 autem,
1366 1569 1446 1630 quos

285 1660 375 1726 libris
402 1661 546 1738 inseruit,
582 1662 771 1746 plerumque
802 1683 840 1725 ex
869 1662 1004 1726 aliorum
1035 1659 1227 1725 carminibus
1259 1658 1446 1741 Menippum

287 1770 467 1854 sumpsisse,
487 1771 534 1835 ita
554 1775 590 1835 ut
611 1789 665 1835 eos
688 1772 720 1834 in
740 1769 1007 1854 sillographorum
1022 1769 1152 1834 modum
1171 1767 1312 1852 parodiis
1335 1765 1447 1834 deflec-

286 1883 379 1974 teret,
399 1879 496 1944 etiam
511 1879 572 1944 hoc
591 1902 628 1944 ex
644 1881 822 1944 curatione
838 1879 990 1962 sequitur,
1007 1900 1070 1961 qua
1085 1877 1249 1942 Lucianus
1264 1876 1447 1958 loquentem

287 2010 359 2054 eum
377 1988 507 2054 inducit.
553 1980 705 2054 Ceterum
728 1989 846 2072 dialogi
868 1988 972 2052 forma
994 1988 1046 2051 ille
1067 2008 1144 2050 usus
1167 2005 1235 2049 esse
1257 1984 1392 2063 videtur,
1421 1985 1447 2047 si

288 2095 417 2180 quidem
439 2095 481 2160 ad
503 2096 592 2161 illum
622 2096 742 2162 referre
770 2097 855 2176 licet,
884 2096 970 2179 quod
992 2095 1098 2161 Varro
1130 2099 1162 2158 et
1183 2092 1346 2157 Lucienus
1376 2113 1447 2156 eam

287 2211 531 2288 usurpaverunt.
576 2205 669 2270 Haec
684 2204 793 2286 habui,
816 2227 898 2289 quae
920 2205 959 2269 de
974 2204 1125 2286 Menippo
1142 2201 1342 2282 dissererem,
1365 2220 1447 2283 quae

289 2313 434 2378 sufficere
456 2318 534 2398 puto
562 2314 605 2379 ad
634 2335 705 2379 eam
733 2335 828 2398 quam
858 2312 950 2378 nobis
977 2311 1201 2396 proposuimus
1229 2309 1447 2393 quaestionem

292 2422 539 2488 diiudicandam.

391 2531 469 2597 «lam
495 2533 637 2597 venimus
661 2531 703 2596 ad
725 2532 860 2596 alteram
883 2534 1017 2613 partem,
1050 2548 1114 2610 qua
1143 2525 1277 2611 quidex
1299 2524 1447 2588 universa

289 2641 421 2720 ratione,
452 2662 535 2725 qnae
553 2641 694 2706 Horatio
718 2662 789 2706 cum
812 2637 1021 2722 scriptoribus
1044 2637 1178 2702 Graecis
1201 2633 1377 2714 intercedit,
1405 2631 1447 2696 ad

289 2750 553 2825 necessitudinem
583 2749 666 2814 illius
695 2771 766 2814 cum
788 2749 940 2832 Menippo
970 2745 1174 2812 statuendam
1201 2742 1368 2824 redundet,
1397 2763 1449 2805 ex·

289 2847 409 2944 plicare
431 2859 662 2924 constituimus
706 2857 817 2940 Atque
839 2855 961 2920 Theod.
984 2852 1181 2917 Fritnschius
1199 2851 1320 2916 Horati
1343 2849 1448 2914 studio

291 2974 322 3032 et
349 2969 451 3033 amori
480 2968 512 3032 in
541 2968 711 3050 scriptores
742 2965 886 3033 Graecos
916 2961 1050 3027 multum
1081 2959 1194 3026 tribuit
1206 2961 1239 3039 ⁷),
1280 2979 1343 3042 quo
1377 2978 1449 3022 eum

290 3076 469 3141 necessario
492 3075 535 3140 ad
556 3075 744 3158 Menippum
764 3074 895 3138 ductum
922 3090 990 3134 esse
1016 3073 1117 3152 putat.
1163 3065 1304 3132 Causam
1334 3070 1451 3148 autem,

292 3207 348 3252 cur
370 3205 474 3268 neque
496 3184 683 3266 Menippum
702 3203 804 3267 neque
824 3179 1005 3249 Varronem
1034 3177 1087 3240 ille
1115 3173 1337 3252 nominaverit,
1368 3174 1452 3238 hanc

292 3293 482 3360 Theodorus
497 3292 694 3356 Fritzschius
717 3289 812 3356 affert
837 3310 890 3370 „er
905 3307 971 3352 war
993 3285 1060 3350 sich
1082 3284 1230 3366 bewusst,
1252 3282 1310 3348 der
1331 3285 1452 3366 menip·
1495 3299 1499 3309 ·

292 3401 440 3488 peischen
471 3400 539 3467 Sat.
569 3399 768 3464 wesentliche
798 3393 1049 3480 Eigenschaften
1083 3391 1226 3456 entlehnt
1262 3412 1301 3454 zu
1337 3389 1451 3470 haben,

293 3509 344 3574 die
368 3509 453 3574 scine
475 3506 552 3586 Sat,
575 3508 608 3572 in
632 3506 887 3572 entschiedenem
905 3503 1068 3568 Kontrast
1089 3522 1126 3564 zu
1150 3499 1207 3564 der
1229 3504 1338 3582 strong
1360 3520 1452 3581 repu-

292 3617 511 3684 blilranischen
532 3614 587 3679 des
610 3614 766 3696 Lucilius,
797 3634 835 3678 zu
864 3613 950 3677 einer
982 3610 1051 3673 rein
1073 3607 1336 3673 monarchischen
1359 3612 1452 3670 stem-

294 3724 430 3810 pelten.“
481 3721 664 3799 Accedere,
698 3721 784 3805 quod
814 3720 922 3789 Varro
953 3722 1064 3783 contra
1090 3714 1294 3798 Gaesarem,
1311 3703 1453 3796 Augusti

295 3832 496 3915 avunculum,
528 3832 728 3916 pugnaverit.
777 3829 889 3913 Atque
920 3848 994 3892 vere
1016 3847 1050 3890 se
1074 3824 1192 3890 sentire
1222 3829 1254 3889 et
1283 3843 1321 3886 ex
1348 3820 1452 3886 verbis
1526 3885 1528 3891 ,

400 4045 419 4110 ¹)
437 4041 540 4095 Gellius
563 4056 588 4097 n.
612 4037 787 4101 Att.1118;
816 4035 931 4091 Macrob.
952 4037 1053 4090 saturn.
1075 4035 1096 4098 1,
1124 4035 1163 4085 11.
1267 4027 1287 4097 2)
1306 4026 1376 4096 apud
1395 4027 1452 4081 Cic.

295 4133 367 4189 acad.
387 4133 527 4202 post.18.
621 4129 641 4202 ³)
659 4131 686 4183 in
705 4127 815 4199 Vergilii
830 4129 878 4182 ecl.
894 4128 930 4182 VI
949 4142 973 4180 v.
992 4127 1033 4190 31,
1052 4143 1076 4194 p.
1097 4126 1128 4177 14
1147 4123 1215 4177 Keil.
1304 4120 1325 4189 ⁴)
1346 4118 1451 4172 Preller.

296 4223 382 4278 annal.
405 4223 460 4278 litt.
479 4224 537 4278 Jen.
558 4223 621 4276 1847
650 4237 675 4290 p.
694 4220 752 4284 621,
779 4218 884 4271 Riosins
904 4217 922 4270 l.
940 4217 958 4268 l.
978 4217 1018 4283 11,
1039 4213 1204 4268 Fritzschius
1229 4209 1260 4263 dc
1286 4209 1376 4276 script.
1400 4211 1453 4264 sat.

297 4329 364 4382 spec.
390 4312 431 4365 III
459 4314 491 4379 7,
515 4312 564 4367 Th.
588 4309 718 4364 Fritzsch.
743 4308 821 4371 ,Mon
842 4324 867 4361 u.
887 4307 959 4360 Hor}
988 4321 1012 4374 p.
1038 4306 1088 4370 11.,
1115 4299 1296 4356 Wachsmuth.
1315 4299 1342 4351 ΙΙ
1367 4315 1392 4366 p.
1411 4300 1453 4364 80,

296 4402 450 4460 Wildenou.
465 4421 491 4464 n.
500 4403 541 4458 29.
604 4400 803 4472 ⁵)inJcarom,
821 4399 926 4466 Necyo,
947 4397 982 4454 al.
1042 4393 1063 4468 ⁸)
1082 4393 1128 4448 Bis
1143 4391 1279 4448 accus33.
1345 4390 1364 4459 ⁷)
1381 4390 1453 4455 ‚Hor

297 4511 312 4548 ι
534 4496 543 4512 “
566 4509 623 4562 sqq.
