3306 4926
731 304 923 366 „8-

245 465 395 554 Laerta)
422 467 605 555 Luciano‚²)
632 469 802 536 Athenaeo
816 471 839 556 ³)
862 509 904 520 —-
927 473 1013 538 etin
1036 474 1187 558 religione
1210 475 1273 540 alia
1296 494 1404 557 seque·

246 580 366 657 rentur,
398 598 469 641 eum
493 578 659 662 sugillasse
686 599 758 644 cum
781 602 819 645 ex
843 601 880 645 ea
909 581 1057 665 imagine,
1089 605 1186 667 quam
1206 582 1369 650 Lucienus
1379 582 1403 670 4)

246 685 414 768 expressit,
447 691 516 750 tum
546 708 584 750 ex
613 687 689 771 ipsis
720 687 873 757 librorum
902 689 1019 771 titulis,
1054 713 1133 774 quos
1160 691 1255 776 Diog.
1282 689 1404 772 Laert,

245 791 443 872 Athenaeus,
470 794 524 858 alii
554 801 775 878 servaverunt,
807 796 944 863 dilucide
972 805 1118 882 apparet.
1167 799 1405 866 Commemorat

246 906 352 966 autem
374 901 467 986 Diog.
490 901 629 990 Laert.⁵)
653 905 727 970 hos:
757 903 878 985 νέκυια,
908 906 1070 992 διαθῆκαι,
1103 903 1270 973 ἐπιστολαὶ
1293 930 1405 992 κεκομ-

246 1010 404 1095 ψευμέναι
427 1004 573 1078 ἀπὸτοῦ
595 1014 665 1078 τῶν
688 1015 779 1079 θεῶν
795 1007 986 1098 προςοὶπον,
1009 1009 1128 1103 πρὸςθ)
1150 1013 1228 1093 τοὺς
1247 1011 1406 1098 φυσικοὺς

246 1119 299 1182 καὶ
319 1116 567 1204 μαθηματικοὺς
590 1122 643 1185 καὶ
668 1119 910 1208 γραμματικοὺς
938 1124 991 1188 καὶ
1012 1119 1111 1209 γονὰς
1132 1119 1324 1208 Ἑπικούρου
1353 1125 1406 1188 καὶ

246 1222 305 1304 τὰς
326 1228 590 1313 θρησκευομένας
611 1221 668 1294 ὑπ’
690 1224 804 1294 αὐτῶν
817 1277 820 1282 ,
833 1224 978 1312 εἰκάδας,
1008 1233 1070 1298 alio
1098 1233 1168 1297 loco
1181 1233 1203 1317 7)
1234 1232 1407 1316 Διογένους

246 1336 374 1420 πρᾶσις,
407 1357 489 1420 quae
511 1359 588 1403 num
610 1359 722 1404 revera
745 1338 897 1424 Menippo
920 1340 1132 1406 adscribenda
1159 1339 1210 1419 sit,
1240 1339 1372 1404 dubium
1382 1342 1406 1424 ⁸)

142 1519 145 1522 ,
224 1525 227 1535 Ι
247 1449 303 1523 est,
326 1443 514 1515 Athenaeus
534 1440 774 1532 Ἀρκεσίλαοςδ)
806 1468 845 1512 ex
874 1469 937 1531 quo
966 1448 1050 1514 libro
1071 1448 1150 1512 haec
1173 1445 1267 1512 affert
1295 1439 1407 1528 ,πότος

246 1576 295 1629 τις
315 1539 355 1640 ἦν
377 1547 661 1639 ἐπικωμασάντων
683 1557 787 1620 τινῶν
811 1557 864 1620 καὶ
886 1549 1032 1642 ματτύην
1056 1553 1222 1621 ἐκέλευσεν
1249 1555 1407 1640 εἰςφέρειν

246 1655 397 1728 Λοέκαινοὶ
432 1685 490 1740 τις.
549 1664 602 1727 καὶ
635 1658 762 1741 aridices
795 1664 1005 1750 περιεφέρετο
1034 1665 1198 1749 περδίκεια
1231 1659 1322 1749 ὀλίγα
1355 1665 1408 1729 καὶ

255 1817 485 1828 —e———n—

351 1875 479 1943 ¹)v199,
500 1875 557 1930 101.
629 1873 709 1946 bots
727 1894 819 1944 κατηγ.
839 1877 880 1942 33,
900 1893 1009 1942 νεκυομ.
1030 1878 1051 1941 1,
1069 1893 1140 1940 νεκρ.
1156 1877 1226 1929 diei.
1247 1879 1268 1941 1,
1290 1878 1316 1930 l:
1336 1875 1360 1939 2,
1381 1877 1406 1936 1;

134 2026 137 2040 ἱ
246 1964 287 2028 21,
308 1965 337 2030 13
357 1965 398 2028 22,
418 1964 442 2017 3.
519 1963 538 2032 3)
558 1968 581 2030 1,
599 1967 646 2030 23;
668 1967 707 2030 14,
726 1967 788 2031 629;
813 1967 852 2031 14,
872 1968 930 2020 664.
999 1965 1162 2036 4linMort.
1183 1965 1408 2033 dia1.,Neoy01n.,

247 2055 360 2110 Joarom.
431 2054 453 2120 5)
474 2054 511 2118 Vl
529 2057 585 2111 101.
656 2055 677 2126 6)
696 2060 795 2125 utrum,
815 2074 882 2126 quae
900 2061 1047 2128 sequuntur
1060 2057 1150 2122 verba,
1169 2072 1251 2110 uuum
1268 2072 1302 2108 an
1320 2055 1408 2124 plures

248 2144 374 2199 librorum
399 2145 495 2201 titulos
523 2146 648 2213 efficiant,
680 2149 743 2218 quia
761 2165 857 2202 vanum
881 2151 908 2203 et
931 2149 1027 2203 inutile
1051 2151 1125 2218 puto,
1150 2147 1280 2216 inquirere
1305 2145 1408 2199 omitto.

248 2235 294 2291 cfr.
310 2235 422 2291 Wilden.
440 2237 472 2290 25
492 2235 552 2292 adn.
570 2238 594 2292 8.
676 2237 694 2307 7)
713 2239 793 2302 1112,
812 2240 854 2292 29.

351 2324 373 2395 ⁸)
391 2325 477 2382 Verba
494 2329 585 2382 autem
608 2327 673 2382 haee
691 2330 767 2384 sunt:
792 2329 818 2382 in
840 2327 934 2383 Cobeti
960 2327 1093 2384 codicibus
1118 2327 1195 2396 ,φησὶ
1215 2323 1244 2380 δὲ
1262 2324 1410 2386 Μένιππος

238 2409 279 2506 Γἐν
305 2419 337 2485 τῇ
364 2418 515 2485 Διογένους
543 2415 659 2486 τράπετ’,
694 2419 721 2472 in
751 2419 875 2474 Samhuci
903 2421 931 2473 et
958 2418 1089 2473 Ambrosii
1117 2418 1251 2474 codicibus
1279 2414 1356 2484 ,φησὶ
1381 2411 1410 2469 δὲ

245 2484 412 2575 Ἕρμιππος,
428 2511 487 2565 ...‘.
527 2509 585 2574 Qua
611 2510 639 2563 iu
661 2508 781 2563 codicum
804 2507 953 2564 differentia
976 2507 1084 2563 difficile
1108 2511 1149 2564 est
1171 2507 1323 2576 diiudicare,
1350 2524 1410 2562 crim

249 2615 316 2668 quae
340 2600 410 2654 ratio
436 2601 505 2654 inter
535 2599 601 2656 duas
630 2599 692 2654 illas
715 2599 835 2654 codicum
857 2600 973 2654 familias
996 2599 1155 2665 intercedat,
1184 2598 1300 2652 nondum
1323 2598 1410 2667 explo-

248 2693 336 2744 ratum
362 2707 419 2746 esse
449 2690 586 2748 videatur:
616 2690 694 2746 Certe
723 2690 892 2746 Nietzschiua
918 2691 937 2746 l.
954 2691 972 2744 1.
991 2708 1014 2759 p.
1035 2691 1068 2744 28
1090 2690 1166 2755 hanc,
1194 2689 1410 2744 Wachsmuthlus

250 2797 318 2850 corp.
338 2798 409 2850 poes.
428 2799 467 2852 ep.
487 2781 531 2836 (ir.
550 2781 633 2836 ludib.
653 2781 680 2836 ΙΙ
698 2800 724 2852 p.
742 2782 775 2836 82
802 2781 864 2837 adn.
883 2783 899 2832 7
921 2781 997 2835 illam
1020 2781 1154 2836 meliorem
1181 2797 1237 2835 esse
1266 2780 1410 2835 contendit.

251 2869 423 2926 Acodioibus
445 2872 530 2942 igitur
547 2871 651 2926 nullum
670 2871 798 2926 auxilium
816 2870 958 2941 petendum
980 2873 1034 2934 est;
1064 2887 1094 2925 ac
1118 2887 1150 2925 ue
1174 2871 1330 2939 interpretes
1353 2871 1410 2939 qui-

252 2960 310 3015 dem
329 2961 398 3017 huuc
418 2962 505 3018 locum
525 2962 685 3032 expedivisse
703 2963 768 3016 mihi
786 2961 917 3016 videntur.
953 2962 1022 3016 Nam
1046 2961 1117 3030 quod
1135 2961 1274 3030 Menagius
1297 2959 1410 3031 [observ.

252 3052 279 3104 in
298 3051 377 3122 Diog.
397 3053 426 3106 L.
449 3053 489 3107 VI
507 3053 556 3118 29;
584 3053 623 3108 ed.
643 3053 675 3109 G.
695 3052 824 3108 Huebner.
859 3050 911 3104 vol.
929 3052 958 3105 lI
975 3068 1001 3120 p.
1019 3051 1063 3119 20)
1081 3050 1246 3120 Lozynskius
1264 3050 1411 3120 (Hermippi

252 3141 345 3212 fragm.
375 3161 401 3214 p.
427 3145 471 3214 40)
499 3144 656 3200 Huebnerus
685 3145 738 3215 (ed.
761 3145 838 3213 Diog.
864 3143 952 3198 Leart.
975 3143 1003 3196 11
1026 3157 1051 3211 p.
1074 3142 1119 3209 21)
1146 3143 1239 3196 contra
1269 3141 1411 3196 lectionem

253 3231 422 3299 ,Μένιπποςι
440 3233 620 3304 obloquuntur
641 3235 698 3305 (cir.
722 3233 820 3289 Theod.
841 3232 1018 3288 Fritzschium
1043 3233 1114 3298 ,Hor
1135 3249 1160 3284 u.
1180 3232 1295 3302 Menipp‘
1312 3248 1337 3301 p.
1358 3232 1409 3300 13),

254 3325 308 3392 ,qui
326 3325 352 3379 iu
368 3326 399 3380 D.
414 3326 442 3380 L.
457 3325 543 3380 verbis
558 3326 584 3378 11
602 3326 661 3395 2,80
681 3328 796 3392 vocatur,
815 3319 959 3396 Eteonos
978 3319 1162 3394 (Εὐβουλίδης
1175 3321 1332 3394 Mauagiusl,
1352 3340 1411 3378 eum

252 3431 332 3484 prope
354 3415 475 3470 accedere
501 3415 603 3484 („stehe
625 3416 721 3485 naho“)
745 3416 778 3470 ad
802 3416 981 3485 Hermippum,
1004 3415 1208 3484 peripateticum
1231 3414 1410 3484 Smyrnaeum,

253 3521 306 3560 non
317 3505 351 3560 ad
364 3507 525 3576 Menippum,
544 3507 664 3575 cynicum
676 3506 859 3571 Gadarenum‘,
878 3506 942 3560 licet
954 3521 1044 3559 verum
1057 3506 1102 3570 sit,
1119 3507 1207 3558 tamen
1225 3521 1277 3558 non
1292 3505 1409 3574 impedit,

254 3597 395 3666 quominus
413 3598 494 3652 etiam
512 3597 664 3666 Menippum
684 3595 833 3665 Διογένους
849 3599 952 3663 πρᾶσιν
975 3596 1111 3665 scripsisse
1130 3599 1265 3664 putemus3
1294 3599 1321 3650 et
1343 3611 1410 3664 quas

254 3687 407 3742 Wildanow.
426 3687 461 3756 (p.
480 3687 792 3757 aemulalationem
815 3685 982 3754 ,Μένιπποςί
1007 3686 1080 3750 dicit,
1103 3686 1256 3756 ‚Diogenem
1274 3686 1409 3740 Laertium

254 3777 382 3846 usquein
401 3776 518 3846 Menippi
540 3777 648 3848 scriptia
673 3777 855 3832 enumerandis
873 3779 921 3848 [VI
941 3776 999 3847 101)
1026 3776 1175 3830 auctionem
1199 3777 1273 3830 illam
1298 3791 1410 3831 comme·

254 3883 355 3922 morare
372 3883 456 3936 neque
479 3883 595 3936 unquam
613 3867 729 3936 Menippi
748 3868 901 3922 testimonio
920 3867 978 3932 uti‘,
1001 3867 1065 3920 haee
1086 3865 1144 3919 ideo
1163 3866 1264 3920 nullius
1282 3867 1410 3920 momenti

255 3959 326 4021 sunt,
350 3957 413 4026 quia
431 3957 563 4027 Diogenes
582 3957 705 4012 Laertius
723 3960 751 4012 et
774 3958 866 4012 seriem
887 3957 1012 4012 librorum
1031 3957 1227 4026 Menippeorum
1246 3955 1306 4009 linit
1323 3956 1410 4010 verbis

255 4045 309 4113 ,aui
327 4043 405 4098 ἄλλο’
431 4050 459 4102 et
484 4047 564 4102 semel
591 4064 650 4102 eum
674 4047 826 4117 Menippum
853 4050 950 4104 testem
979 4046 1130 4101 adhibuisse
1155 4047 1210 4100 sine
1233 4044 1313 4098 dubio
1340 4046 1410 4100 cradi

255 4139 352 4206 potest.
397 4137 497 4194 Contra
518 4138 623 4192 Riesius
642 4139 716 4194 Varr.
741 4141 791 4192 sat.
815 4139 928 4208 Menipp.
955 4139 1003 4208 frg.
1025 4155 1050 4206 p.
1075 4137 1124 4191 245
1149 4139 1176 4192 et
1194 4136 1409 4192 Wachsmuthiua

255 4228 272 4281 1.
292 4229 308 4282 1.
328 4229 355 4282 II
374 4245 399 4298 p.
417 4229 451 4282 82
470 4227 561 4284 Cobet.
582 4228 621 4284 ed.
642 4227 781 4284 lectionem
799 4228 965 4296 ,Μένιππον
983 4229 1105 4284 retinent.
1141 4227 1235 4298 Itaque
1251 4225 1337 4282 adhuc
1360 4227 1409 4281 sub

253 4319 393 4388 judicalis
412 4323 461 4376 ast.
496 4321 566 4376 Nam
585 4337 617 4375 ne
637 4319 770 4376 Nitzsohii
794 4321 900 4391 quidem
926 4319 1078 4389 conjectura
1098 4321 1116 4376 l.
1136 4320 1152 4373 1.
1171 4335 1196 4387 p.
1214 4317 1247 4371 28
1267 4317 1409 4387 probabili·

255 4412 340 4468 tatem
358 4409 447 4470 habet,
551 4409 571 4473 ⁹)
591 4410 654 4464 XIV
672 4411 722 4464 664
740 4427 761 4468 e.
