3306 4926
681 345 891 410 231...

208 515 327 586 consuli
348 513 473 604 fingunt
485 517 519 603 1),
542 517 584 582 ad
605 515 741 582 Homeri
764 515 1031 600 Necyomantiam
1054 515 1107 580 ille
1138 513 1358 582 adduceretur.

206 629 359 695 Fortasse
386 627 481 692 etiam
508 624 736 710 mimographis
762 625 850 690 illam
872 624 1031 690 fictionem
1053 623 1212 690 Horatius
1241 623 1359 705 debuit,

208 759 342 821 quorum
357 735 608 817 Necyomantiae
619 737 653 816 ²),
675 739 760 798 certe
783 733 825 798 ad
840 731 976 798 Homeri
991 731 1256 816 Necyomantiam
1277 753 1360 798 com·

208 844 340 928 positae,
361 841 449 906 haud
468 841 532 904 scio
555 861 596 904 an
618 840 660 905 ad
681 840 764 904 hanc
782 841 972 904 sententiam
995 847 1067 904 eum
1088 837 1247 906 adducere
1267 846 1361 924 potu·

209 953 300 1030 erint,
328 955 364 1014 ut
389 949 456 1034 ipse
473 941 610 1032 'quoque
636 948 772 1012 Homeri
794 947 1060 1034 Necyomantiam
1085 947 1274 1012 imitandam
1301 949 1360 1014 sibi

208 1063 356 1128 sumeret.
399 1056 574 1122 Praeterea
595 1077 635 1120 ue
657 1056 689 1120 in
715 1054 885 1120 comoediis
909 1052 1038 1136 quidem
1061 1054 1252 1119 comicorum
1275 1054 1361 1120 Atti·

209 1188 320 1233 corum
343 1166 546 1248 antiquorum
567 1163 736 1228 defuerunt
761 1161 916 1228 eiusmodi
942 1161 1082 1241 fabulae,
1109 1184 1192 1245 quae
1218 1163 1360 1249 exemplo

209 1274 349 1340 Horatio
372 1273 458 1337 illam
490 1278 632 1336 saturam
658 1270 869 1335 conscribenti
897 1291 965 1335 esse
992 1275 1173 1354 potuerunt.
1217 1270 1363 1337 Comme·

210 1403 299 1448 moro
314 1401 385 1446 cum
401 1379 526 1445 Cratini
537 1379 824 1464 Necyomantiaal)
841 1385 910 1444 tum
927 1378 1131 1444 Pherecratio
1148 1374 1362 1462 xpundralot.

212 1492 256 1556 Elt
282 1496 319 1554 ut
344 1490 427 1553 hanc
455 1487 652 1552 comoediam
682 1488 861 1570 exemplum
891 1488 920 1552 ei
947 1486 1131 1572 praebuisse
1159 1489 1363 1572 suspicemur,

213 1598 386 1682 praecipua
409 1616 506 1685 causa
527 1615 698 1661 movemur.
743 1594 779 1660 Si
799 1596 882 1659 enim
898 1617 1005 1660 verum
1029 1595 1069 1660 de
1089 1596 1156 1660 eius
1176 1605 1364 1680 argumento

215 1704 513 1789 Hemsterhusius4)
544 1703 690 1786 conjecit,
726 1702 963 1784 ,Pherecratem
993 1703 1055 1768 hac
1085 1703 1194 1770 fabula
1220 1705 1364 1788 ¹quietam

215 1811 385 1877 inferorum
401 1813 498 1876 vitam
518 1811 730 1894 descripsisse,
753 1811 809 1876 ubi
828 1811 933 1876 omnia
954 1817 1071 1894 pacata
1093 1818 1273 1896 egerentur,
1296 1820 1365 1878 tan-

215 1928 329 2004 tusque
359 1941 452 2004 opum
479 1925 678 2002 contemptus
705 1925 800 2000 esset,
834 1925 870 1983 ut
899 1919 1081 2004 erapatalus
1110 1941 1252 1986 summae
1282 1943 1365 2004 quae

215 2028 301 2114 apud
330 2049 383 2092 eos
404 2028 538 2092 valuerit
567 2033 713 2092 monetae
741 2028 878 2112 pretium
909 2026 1068 2109 efficeret‘,
1098 2029 1179 2093 mira
1207 2028 1366 2112 quaedam

213 2138 297 2204 ratio
319 2138 403 2200 inter
424 2136 508 2200 hanc
529 2135 725 2200 comoediam
748 2141 780 2198 et
794 2135 1011 2202 Horatianam
1026 2141 1168 2200 saturam
1182 2137 1365 2204 intercedit:

213 2244 266 2308 bio
287 2245 392 2326 prima
409 2241 511 2306 Ulixis
540 2241 639 2306 verba
666 2241 750 2324 ,Hoc
773 2263 907 2324 qnoque,
938 2240 1070 2324 Tiresia,
1095 2295 1102 2310 .
1126 2291 1133 2308 .
1154 2293 1161 2309 .
1186 2231 1366 2328 Responde,

218 2349 333 2432 quibus
365 2350 497 2412 amissas
530 2371 680 2434 reparare
711 2371 827 2434 queam
861 2372 911 2415 res
942 2350 1078 2416 Artibus
1120 2357 1216 2436 atque
1256 2353 1367 2432 modis}

217 2458 280 2522 illic
300 2478 424 2522 summa
439 2459 665 2524 sententiarum
691 2459 786 2541 ‚apud
802 2457 921 2524 inferos
936 2459 1023 2522 nulla
1039 2458 1220 2524 divitiarum
1234 2461 1366 2544 eupid0;

217 2567 323 2632 omnia
353 2573 470 2650 pacata
502 2573 660 2650 aguntur‘.
704 2565 826 2632 Tamen
853 2589 929 2655 num
962 2589 1073 2632 revera
1095 2567 1175 2634 haec
1206 2570 1369 2635 comoedia

219 2681 275 2738 aut
298 2675 405 2756 aliqua
427 2695 539 2738 aarum
557 2695 664 2737 rerum
695 2694 785 2755 ,quas
805 2675 1057 2755 commemoravi,
1085 2676 1118 2738 in
1138 2697 1235 2740 causo
1263 2676 1368 2758 iirerit,
1408 2660 1410 2664 ¹

219 2803 276 2846 cur
297 2803 367 2846 eam
388 2782 574 2846 informem
595 2781 753 2846 Horatius
775 2787 918 2846 saturam
939 2803 1028 2848 suam
1052 2782 1219 2868 redigeret,
1247 2785 1280 2848 in
1303 2805 1369 2849 sus·

217 2912 316 2975 penso
338 2891 500 2974 relinquo;
521 2889 598 2954 satis
612 2888 715 2954 habeo
731 2889 995 2974 comprobavisse,
1019 2912 1082 2954 non
1103 2897 1170 2956 tam
1194 2893 1370 2976 singulares

217 2999 369 3084 Menippi,
402 2999 531 3079 Horati,
563 2997 699 3063 Luciani
728 2997 978 3083 Necyomantias
1010 3021 1093 3078 esse,
1127 3006 1164 3065 ut
1192 3003 1371 3067 necessario

219 3108 302 3170 inter
330 3130 363 3171 se
392 3106 605 3172 conectendae
634 3107 703 3173 sint.
748 3107 864 3190 Itaque
894 3107 1096 3172 similitudine
1126 3111 1369 3194 compositionis,

222 3234 304 3296 quae
329 3221 376 3277 est
396 3217 478 3280 iuter
500 3215 618 3279 Horat.
641 3221 698 3282 sat
714 3215 752 3278 ΙΙ
773 3220 792 3279 5
817 3223 848 3280 et
868 3215 945 3282 Luc.
961 3197 1236 3300 Necyomantiam,
1258 3218 1370 3284 Herm.

220 3321 379 3386 Fritzschi
400 3325 556 3388 sententia
566 3325 591 3408 ⁵)
613 3344 676 3386 non
700 3322 888 3390 defenditur.
931 3322 1046 3408 Neque
1068 3325 1170 3408 magis
1191 3325 1371 3392 defenditur

222 3430 362 3514 partium
385 3430 584 3512 quarundam
607 3429 818 3498 similitudine.
862 3431 901 3496 ln
919 3432 1098 3496 universum
1115 3439 1200 3498 certe
1215 3455 1253 3498 ea
1274 3454 1371 3518 opera

220 3537 312 3602 valde
346 3539 429 3602 inter
456 3558 488 3601 se
519 3537 699 3622 discrepare
728 3558 940 3621 praemoneo:
979 3538 1136 3602 Horatius
1167 3539 1267 3622 enim,
1299 3561 1370 3606 cnm

219 3669 450 3680 unu——

324 3703 344 3771 ¹)
362 3703 437 3756 Pind.
455 3703 531 3759 Nem.
550 3704 563 3756 l
583 3706 625 3772 60,
644 3705 723 3773 Soph.
739 3705 766 3760 in
785 3705 814 3760 0.
833 3705 865 3760 R.
884 3708 911 3759 et
929 3701 1006 3771 Ant,
1025 3705 1134 3760 Theocr.
1152 3706 1249 3775 XXIV,
1272 3709 1314 3774 64,
1339 3708 1371 3764 de

220 3809 273 3862 qna
289 3811 316 3848 re
334 3795 367 3850 cf.
386 3793 416 3850 F.
435 3795 459 3849 J.
474 3794 625 3861 Sobellium,
645 3799 786 3860 Τειρεσίας
812 3792 826 3849 ὁ
845 3794 998 3864 προφήτης,
1023 3797 1062 3848 17.
1081 3797 1166 3864 suppl.
1189 3797 1276 3851 annal.
1294 3797 1372 3854 Jahn.

221 3887 256 3950 (a.
275 3885 353 3954 1851)
369 3901 394 3953 p.
414 3885 541 3950 54-100,
560 3887 596 3940 ‘ot
620 3887 716 3942 Jaecel.
745 3886 802 3952 ,dns
820 3885 1048 3942 Teiresiasorelrel‘
1072 3885 1294 3952 (wissenschaftl.
1313 3885 1371 3940 Ab·

221 3971 327 4042 handlg.
346 3976 397 4043 77),
417 3991 495 4044 quem
513 3975 633 4030 libellum
649 3978 775 4046 inspicere
792 3993 889 4045 magno
908 3992 968 4031 cnm
986 3975 1075 4028 delore
1092 3991 1152 4030 meo
1171 3991 1223 4028 uon
1234 3976 1319 4030 licuit.

325 4061 346 4132 ²)
363 4079 387 4118 v.
400 4065 509 4132 Teuffel,
528 4065 622 4120 Gesch,
641 4067 665 4120 d.
683 4072 748 4124 rom.
766 4068 835 4123 Litt.
855 4073 870 4132 ς
887 4067 913 4134 8,
930 4067 955 4122 5.

325 4149 346 4221 ⁸)
362 4152 394 4204 cl.
412 4153 536 4210 Ribbeck.
553 4155 571 4212 l.
589 4156 606 4209 1.
625 4173 650 4224 p.
665 4157 724 4211 224.

323 4239 344 4310 ⁴)
362 4241 397 4296 ad
414 4241 515 4299 Polluo.
533 4245 572 4300 IX
589 4245 631 4311 83,
650 4261 673 4301 v.
692 4247 773 4301 etiam
792 4245 951 4300 Meinelrium
969 4261 1035 4299 cum.
1055 4245 1107 4314 lp.
1126 4245 1167 4298 85.

324 4329 345 4402 ⁵)
363 4333 397 4388 ad
408 4333 524 4406 Menippi
543 4337 689 4406 exemplum
707 4341 758 4392 sat.
768 4337 861 4391 Horat
871 4337 997 4405 scriptam
1015 4351 1071 4390 esse
1085 4336 1167 4390 etiam
1175 4333 1243 4390 Era.
1254 4331 1377 4388 Robdius'

224 4423 264 4494 ,d
283 4424 379 4494 griech.
390 4425 505 4482 Roman“
526 4445 550 4498 p.
559 4429 606 4480 261
627 4427 687 4484 adn.
706 4427 921 4498 etKierelingiua
939 4425 1019 4496 praet
1038 4425 1072 4482 ad
1090 4424 1372 4493 setllcretprobant.
