3306 4926
634 327 853 445 „414

263 545 381 614 Horat.
405 567 502 615 carm.
525 546 583 614 III
607 552 663 628 16,
696 552 819 615 1-11:
850 547 1022 628 ,Inclusam
1051 547 1202 620 Danaen.
1222 548 1320 616 turris
1430 627 1434 632 ⁸

162 653 286 721 ahenm
306 655 537 741 Robustaeque
559 655 643 722 fores
663 662 696 722 et
719 655 849 742 vigilum
881 677 998 722 eanum
1020 655 1143 722 Eristos
1169 635 1321 724 excubiae

161 763 344 830 munierant
359 763 438 828 satis
452 762 629 830 Nocturnis
644 762 686 830 ab
702 763 864 845 adstiteris,
885 763 920 832 si
935 786 1000 831 non
1014 764 1177 830 Acrisium
1191 764 1321 849 virginis

163 868 293 936 abditae
317 869 491 938 Custodem
512 870 664 956 pavidum
685 871 712 938 J
712 872 839 958 uppiter
861 878 893 939 et
915 871 1026 942 Venus
1047 871 1234 958 Risissent:‘
1251 871 1322 938 fore

164 979 248 1047 enim
270 983 375 1044 tutum
398 979 459 1045 iter
482 985 515 1046 et
535 985 649 1064 patens
673 979 835 1048 Oonverso
856 981 889 1048 in
910 981 1049 1066 pretium
1080 979 1148 1048 deo.
1191 980 1321 1046 Aurum

163 1109 221 1172 per
241 1087 363 1154 medios
389 1089 437 1154 ire
463 1088 614 1156 satellites
635 1088 682 1155 Et
702 1110 908 1176 perrumpere
934 1095 1022 1156 emet
1051 1109 1131 1156 saxa
1159 1090 1321 1174 potentius

164 1196 238 1262 Ictu
263 1195 434 1280 fulmineo‘,
462 1195 637 1283 hungelt
660 1201 699 1264 13
728 1189 757 1278 ,ὁ
786 1197 821 1264 δὲ
841 1189 985 1264 πάντων
1009 1198 1101 1263 θεῶν
1128 1192 1235 1284 πατὴρ
1265 1197 1318 1262 καί

165 1297 306 1388 ἀνδρῶν,
337 1296 509 1388 ὁΚρόυου
543 1306 597 1370 καὶ
625 1298 728 1386 Ῥέας,
758 1286 860 1372 hadre
888 1298 1017 1392 ἠράσθη
1048 1306 1104 1389 τῆς
1137 1299 1319 1390 Ἀργολικῆς

166 1411 284 1500 ἐκείνης
303 1413 463 1498 μείρακος,
493 1409 555 1480 οὐκ
583 1411 668 1499 ἔχων
694 1412 727 1493 ἐς
746 1404 767 1480 ὅ
787 1437 820 1479 τι
841 1406 1079 1500 ἐρασμιώτερον
1100 1405 1203 1478 αὐτὸν
1225 1435 1318 1498 μετα-

162 1512 267 1603 βάλοι,
299 1515 377 1588 ου’δὲ
402 1513 496 1600 ὅπως
516 1515 561 1588 du
583 1523 781 1610 διαφθείρειε
808 1525 868 1590 τοῦ
888 1516 1046 1609 Ἀκρισίου
1059 1516 1129 1608 τὴν
1156 1511 1317 1606 φρουράν,

162 1621 293 1706 α’κοιίεις
314 1625 437 1716 δήπου
460 1623 508 1708 ὡς
531 1631 667 1718 χρυσίου
694 1630 900 1719 ἐγένετοκαὶ
925 1629 1010 1719 ῥυεὶς
1040 1626 1094 1698 διὰ
1118 1632 1179 1696 τοῦ
1205 1630 1319 1714 τέγους

162 1739 263 1824 συνῆν
284 1741 323 1823 τῇ
342 1733 562 1826 οἷγαιιωμέυῃί.
604 1717 710 1808 Addit
730 1741 775 1808 A.
797 1740 1012 1820 Heinrichius‚
1043 1760 1119 1806 sane
1142 1733 1181 1804 'in
1205 1737 1340 1802 ultimo·

161 1848 265 1931 capite
281 1852 321 1916 14
343 1869 416 1914 eum
430 1869 560 1915 versum
579 1847 696 1932 afferri,
719 1851 774 1934 qui
795 1855 877 1916 teste
892 1845 1069 1933 Stobae01)
1093 1868 1132 1912 ex
1152 1843 1318 1930 Euripidis

162 1955 282 2038 fabula,
305 1977 387 2040 quae
408 1955 592 2024 inscribitur
606 1955 731 2041 Danae,
755 1963 899 2043 sumptus
923 1977 991 2022 esse
1006 1953 1160 2021 videatur.
1193 1951 1317 2036 Atque

161 2067 198 2130 ut
218 2064 355 2148 primum
374 2064 414 2130 de
434 2065 494 2132 hoc
513 2085 607 2132 versu
628 2055 667 2146 ‚oi
689 2065 794 2152 χρυοὲ,
818 2067 960 2152 δεξίωμα
981 2057 1157 2130 κάλλιστον
1176 2063 1317 2148 βροτοῖς(

161 2169 277 2254 dicam,
306 2195 417 2240 revera
446 2196 486 2242 ex
506 2174 672 2260 Euripidis
693 2175 809 2242 Danae
836 2196 912 2242 eum
942 2178 1104 2257 sumptum
1136 2192 1204 2236 esse
1234 2191 1318 2238 com·

162 2279 302 2362 probant
317 2279 543 2370 Dindorfiusl),
565 2283 773 2369 Nauokiusl),
795 2280 1084 2367 EEritzschius4),
1107 2279 1161 2364 qui
1176 2277 1317 2345 Stobaeo

161 2385 316 2452 maiorem
333 2386 430 2454 fidem
451 2390 597 2458 tribuunt
618 2413 715 2477 quam
729 2375 872 2460 Senecae
883 2390 919 2477 ⁵),
943 2389 997 2475 qui
1017 2409 1055 2456 ex
1070 2384 1317 2469 Bellerophonte

160 2492 325 2580 Euripidis
349 2517 420 2564 eum
443 2497 546 2566 affert.
588 2499 704 2584 Neque
724 2505 832 2568 tamen
855 2502 1026 2584 propterea
1041 2494 1128 2580 quod
1142 2493 1194 2560 hic
1208 2513 1318 2558 versus

161 2623 200 2668 ex
226 2591 391 2690 Euripidis
412 2606 528 2674 Danae
555 2609 673 2693 petitus
703 2613 760 2688 est,
789 2613 860 2674 tota
890 2605 977 2690 apud
998 2604 1179 2671 Ennianum
1207 2601 1318 2668 fabula

160 2709 234 2778 inde
256 2711 383 2780 fluxisse
405 2716 550 2802 putanda
580 2722 638 2797 est,
669 2716 727 2784 sed
747 2717 872 2800 vulgari
899 2713 1003 2792 modo,
1037 2713 1164 2798 qualem
1184 2711 1318 2796 Apollo·

162 2817 293 2907 dorusl)
319 2824 351 2887 et
372 2821 557 2911 Hyginus&
586 2822 728 2891 fabulam
757 2824 916 2906 exhibent,
947 2844 1011 2890 non
1042 2821 1121 2888 certi
1152 2819 1316 2904 scriptoris

160 2929 304 3013 exemplo
327 2951 400 2997 eum
420 2953 490 2998 rem
508 2952 657 3000 narrasse
678 2933 778 3018 ipsius
800 2935 867 3000 eius
883 2931 981 2998 verba
999 2925 1139 3014 ,ἀκούεις
1160 2922 1220 3016 ἤδη
1238 2935 1315 2994 που*

159 3021 311 3106 indicant.
354 3039 444 3125 Ergo
472 3062 576 3126 neque
601 3040 745 3128 Menippi
766 3041 929 3108 Lucienus
948 3040 1011 3113 *hic
1041 3035 1229 3104 recordatus
1261 3042 1316 3113 est,

161 3165 265 3230 neque
284 3147 448 3233 habemus,
479 3172 536 3216 cur
557 3150 697 3217 Horatio
719 3151 907 3235 Menippum
930 3154 1005 3214 ante
1028 3146 1136 3213 oculos
1156 3149 1317 3212 versatum

163 3275 232 3320 esse
247 3253 396 3322 dicamus.
440 3257 490 3324 At
511 3259 636 3339 mirum,
660 3259 745 3344 quod
764 3265 800 3325 ut
813 3258 978 3325 Lucienus
997 3258 1043 3324 ita
1056 3255 1215 3322 Horatius
1233 3254 1317 3320 hanc

161 3362 304 3430 fabulam
332 3365 375 3431 ad
402 3366 627 3434 illustrandum
655 3368 733 3434 illud
763 3389 851 3448 ,auro
882 3366 1000 3456 cedunt
1029 3365 1143 3431 omnia‘
1176 3361 1317 3430 adhibet.

162 3471 243 3538 Mihi
264 3473 393 3557 quidem
413 3496 454 3540 ne
481 3475 555 3542 huic
576 3475 703 3561 quidem
731 3476 779 3542 rei
808 3475 983 3560 quidquam
1011 3471 1216 3540 tribuendum
1248 3492 1316 3538 esse

162 3579 300 3660 videtum
327 3603 411 3663 nam,
433 3605 506 3649 eum
527 3583 653 3652 fabulas
675 3585 810 3670 exempli
831 3605 930 3650 causa
951 3581 1066 3649 afferre
1092 3581 1316 3660 constituisset,

161 3689 195 3756 in
217 3689 301 3756 hanc
322 3711 449 3776 quoque
470 3714 543 3758 eum
560 3694 700 3760 incidere
722 3714 851 3760 necesse
872 3692 942 3760 fuit.

264 3817 580 3902 Horet.sat.112‚
611 3825 765 3890 70-72:
796 3819 928 3907 ‚Accipe
956 3842 1049 3900 nunc,
1080 3820 1181 3884 victus
1210 3817 1317 3883 tenuis

163 3944 246 4008 quae
266 3934 450 4012 quantaque
472 3951 579 3995 secum
600 3930 750 3999 Adferat.
793 3929 964 4015 Inprimis
985 3929 1092 3995 valeas
1121 3927 1218 3993 bene:
1242 3947 1317 3992 nam

161 4031 270 4098 variae
298 4053 350 4098 res
378 4035 425 4102 Ut
450 4044 588 4104 noceant
615 4039 735 4106 homini
764 4038 895 4120 credas‘,
938 4037 1016 4105 Luc.
1044 4036 1116 4122 gall.
1152 4038 1194 4102 23
1223 4027 1317 4114 ,ὥςτε

264 4271 285 4341 ¹)
304 4269 374 4337 xcl,
392 4271 416 4336 4,
440 4271 492 4326 vol.
510 4273 550 4326 111
570 4272 609 4327 ed.
628 4273 712 4328 Gaios.
730 4289 755 4342 p.
774 4273 833 4329 217.
959 4271 980 4340 ²)
999 4274 1069 4340 poet.
1095 4285 1163 4324 scen.
1188 4263 1315 4321 οἶκοσκα-

164 4355 262 4424 eodem
281 4377 306 4430 p.
321 4363 363 4427 90.
382 4361 488 4416 Danaas
509 4362 558 4432 frg.
571 4363 643 4420 XIV.
747 4362 768 4432 ⁸)
788 4367 858 4429 trag.
876 4362 920 4414 Gr.
940 4361 989 4429 lrg.
1007 4377 1032 4429 p.
1050 4361 1110 4414 363.
1211 4359 1234 4426 ⁴)
1253 4355 1318 4412 edit.

163 4447 596 4524 tue.au,en.1.11p,1ae.
665 4453 686 4523 ⁵)
704 4453 782 4524 epist,
800 4451 880 4520 CXV,
950 4450 971 4522 ⁸)
991 4451 1061 4516 114,
1080 4452 1102 4506 1.
1175 4449 1194 4519 'j
1212 4447 1315 4514 haudd.
