3306 4926
682 423 724 435 ...
768 375 808 451 35
855 422 893 432 ..

316 557 432 625 Horat.
455 579 483 627 a.
506 581 537 642 p.
558 515 738 640 2254250,
770 559 824 642 qui
854 578 962 623 versus
991 555 1030 622 de
1063 553 1207 622 dramate
1229 551 1368 642 satyrico
1457 617 1459 623 .

215 673 297 748 sunt,
319 668 399 736 Luc.
421 667 495 732 ibid.
519 672 571 751 44,
595 671 647 749 45,
671 671 721 744 46,
744 666 799 731 ubi
810 672 983 751 praecepta
1000 665 1125 746 dantur,
1147 668 1369 751 quaeratione
1481 695 1488 711 x

213 799 321 842 rerum
352 777 489 861 scriptor
512 777 561 842 uti
583 775 706 843 debeat.
749 775 796 842 Et
821 775 1144 862 argumentaborum
1165 776 1308 840 locorum
1332 798 1370 841 ea
1429 817 1430 824 ο

215 885 247 948 in
270 906 306 948 re
323 885 502 966 concinunt,
523 883 609 968 quod
627 905 803 949 sermonem
818 883 966 965 medium,
989 884 1044 969 qui
1057 889 1183 949 tantum
1200 905 1220 949 a
1235 884 1370 966 sublimi,
1418 940 1419 949 ,

217 999 374 1076 quantum
394 993 437 1058 ab‘
450 993 561 1058 humili
576 992 668 1072 absit,
687 1014 762 1058 raro
777 993 929 1076 imagines
944 992 1146 1076 usurpandas
1159 1013 1226 1078 esse
1237 998 1372 1076 uterque

216 1103 318 1168 docet.
373 1101 438 1168 Sed
466 1102 518 1168 hic
549 1123 719 1167 consensus
747 1101 824 1166 levis
854 1108 911 1184 est,
943 1101 1061 1187 quippe
1089 1123 1183 1185 quem
1211 1103 1283 1185 ipsa
1309 1123 1371 1182 res,

218 1232 314 1294 quam
341 1217 477 1294 uterque
504 1209 677 1292 tractabat,
707 1225 765 1294 per
787 1231 820 1275 se
844 1209 1009 1283 efficiebat,
1053 1209 1168 1294 Neque
1189 1211 1317 1294 gravior
1338 1210 1372 1273 in

217 1319 319 1384 verbis
342 1319 536 1404 conspicitur
558 1317 740 1384 similitudo.
784 1318 871 1384 Nam
894 1340 1070 1384 sermonem
1092 1319 1250 1384 abiectum
1269 1324 1300 1384 et
1314 1319 1372 1384 hu·
1485 1401 1488 1408 ι

216 1429 322 1494 milem
345 1450 418 1492 eum
441 1427 555 1510 dicere,
579 1427 634 1510 qui
654 1427 687 1491 in
702 1426 852 1504 tabernis,
875 1425 911 1493 ἐν
927 1428 1120 1514 καπηλείοις,
1143 1428 1245 1494 autin
1261 1427 1371 1509 triviis,

218 1533 272 1602 ola
296 1535 333 1602 ἐκ
350 1529 485 1622 τριόδου
510 1535 609 1623 (apud
624 1519 703 1602 Luc.
714 1533 788 1600 ibid.
805 1556 831 1600 4.
848 1538 912 1621 16),
937 1535 1109 1614 audiretur,
1130 1535 1371 1600 usitatissimum

218 1651 297 1712 erat.
347 1644 458 1728 Atque
490 1645 614 1710 etiamsi
644 1645 772 1728 gravior
807 1643 966 1727 quaedam
999 1643 1181 1726 similitudo,
1215 1663 1297 1726 quae
1330 1642 1373 1707 ad

220 1773 416 1818 communem
440 1751 578 1836 aliquem
601 1757 763 1817 auctorem
786 1749 955 1815 referenda
978 1756 1069 1833 44444,
1099 1751 1182 1815 inter
1203 1749 1262 1814 hos
1284 1749 1370 1815 locos

218 1861 440 1943 intercederet,
463 1860 502 1926 de
523 1860 674 1945 Menippo
694 1881 757 1924 non
780 1859 984 1944 cogitandum
1007 1865 1099 1940 esset,
1120 1881 1214 1944 quem
1235 1880 1256 1924 a
1278 1879 1373 1942 quae-

220 1969 373 2035 stionibus
395 1969 443 2033 his
464 1969 542 2034 locis
568 1969 722 2032 institutis
751 1967 890 2032 alienum
916 1967 1012 2032 fuisse
1032 1968 1291 2033 verisimillimum
1314 1972 1370 2032 est.

321 2076 438 2144 Horat.
475 2098 505 2142 a.
541 2099 573 2160 p.
603 2079 767 2142 ara-78:
812 2075 1034 2158 ,mediocribus
1062 2097 1129 2141 esse
1158 2077 1260 2159 poetis
1296 2073 1372 2139 Non

220 2184 372 2265 homines,
404 2206 468 2250 non
496 2183 538 2266 di,
571 2205 635 2249 non
656 2203 849 2249 concessere
871 2183 1046 2250 columnae.
1090 2183 1138 2249 Ut
1159 2189 1268 2266 gratas
1289 2183 1373 2248 inter

220 2313 346 2364 mensas
377 2292 563 2376 symphonia
591 2291 712 2358 discors
741 2291 787 2357 ut
816 2313 959 2358 crassum
987 2297 1184 2376 unguentum
1210 2297 1242 2357 et
1269 2291 1373 2358 Sardo

221 2422 292 2466 cum
319 2399 412 2466 melle
431 2421 572 2484 papaver
593 2400 770 2468 Offendunt
793 2453 799 2466 .
824 2450 831 2466 .
856 2452 863 2468 .
884 2452 891 2465 .
915 2453 922 2470 .
945 2423 966 2466 .:
1003 2399 1056 2467 Sic
1077 2454 1084 2468 .
1108 2450 1115 2466 .
1140 2449 1147 2467 .
1169 2421 1301 2484 poema,
1337 2398 1372 2466 si

220 2509 361 2593 paullum
384 2530 507 2574 summo
530 2509 674 2592 decessit,
696 2510 800 2593 vergit
822 2509 863 2574 ad
885 2509 1004 2588 imum‘,
1027 2507 1274 2576 Lacinium:
1301 2529 1374 2573 cum

220 2639 327 2682 rerum
351 2618 443 2701 copia
473 2622 539 2703 est,
561 2618 723 2682 celeritate
742 2617 775 2682 in
793 2617 955 2682 narrando
978 2638 1058 2701 opus
1085 2621 1150 2697 est;
1180 2617 1373 2701 quinetiam

221 2725 321 2790 multa
338 2725 440 2790 omitti
454 2729 596 2809 possunt,
619 2731 655 2790 ut
674 2725 770 2790 etiam
784 2725 817 2788 in
833 2725 983 2804 convivio,
1006 2745 1078 2790 cum
1091 2725 1374 2808 conquisitissimas

220 2833 332 2917 epulae
354 2839 488 2917 paratae
512 2834 585 2915 sint,
616 2854 680 2897 nou
701 2833 777 2898 viles
804 2834 924 2899 amicus
944 2834 1047 2898 amico
1069 2835 1208 2918 apponit.
1252 2833 1304 2898 De
1325 2833 1375 2898 his

219 2943 296 3008 locis
320 2942 404 3008 idem
424 2941 593 3008 dicendum
609 2946 670 3006 est:
700 2958 776 3006 sane
805 2947 940 3026 uterque
963 2963 1001 3008 ex
1025 2963 1104 3007 cena
1126 2943 1255 3026 eiusque
1278 2963 1375 3026 appa-

221 3057 295 3115 ratu
319 3052 399 3135 petit
420 3050 551 3134 aliquid,
575 3071 638 3134 quo
659 3055 866 3134 praeceptum
881 3071 971 3114 suum
988 3049 1030 3114 ad
1046 3051 1198 3134 scriptum
1213 3049 1375 3133 quoddam

222 3158 383 3240 pertinens
403 3159 560 3236 illustret3
590 3157 645 3222 sed
668 3158 734 3222 sine
755 3162 915 3222 momento
937 3156 998 3222 hoc
1021 3178 1099 3240 4444,
1122 3155 1249 3239 Oicero,
1276 3155 1376 3240 Quin-

222 3263 351 3330 tilianus
372 3264 436 3344 12,
460 3267 509 3343 14,
531 3265 584 3335 VI
599 3269 628 3347 3,
654 3269 703 3347 14,
726 3265 764 3330 Χ
781 3271 808 3339 1,
825 3269 876 3348 58,
899 3265 954 3330 alii
972 3271 1140 3334 testantur.
1185 3264 1230 3330 Mt
1252 3266 1376 3330 etiamsi

223 3370 378 3455 gravioris
399 3373 550 3438 momenti
570 3372 632 3437 hoc
654 3377 744 3449 esset
767 3371 986 3457 ambobusque
999 3373 1085 3437 idem
1101 3374 1263 3458 exemplar
1279 3373 1377 3438 vindi·

224 3477 360 3542 candum
393 3483 492 3559 esset,
535 3500 592 3544 cur
622 3479 808 3563 Menippum
844 3481 1043 3564 potissimum
1078 3488 1242 3547 auctorem
1279 3480 1377 3546 luisse

224 3585 408 3665 diceremus,
431 3606 495 3651 nou
514 3585 713 3670 haberemus,
737 3609 832 3672 quem
853 3589 926 3654 talis
944 3561 1195 3672 bomparationis
1213 3589 1377 3655 instituen-

223 3695 284 3760 dae
307 3695 506 3761 occasionem
528 3716 592 3760 444
610 3696 759 3762 habuisse
782 3702 903 3761 'certum
927 3703 981 3762 est.

321 3802 440 3869 Horat.
458 3825 506 3888 ep.
522 3803 552 3885 I,
568 3807 598 3888 4,
615 3809 649 3870 9;
674 3805 738 3888 ,qui
761 3825 874 3890 sapere
891 3811 923 3872 et
938 3806 1000 3872 fari
1014 3805 1114 3891 possit
1135 3827 1217 3890 quae
1240 3807 1376 3890 sentiat‘,

222 3907 301 3976 Luc.
316 3910 391 3979 ibid.
408 3915 449 3977 37
472 3912 535 3991 ,καὶ
557 3912 670 3978 τοίνυν
692 3912 746 3977 καὶ
768 3912 842 3998 ἡμῖν
864 3906 1016 3990 τοιοῦτός
1036 3935 1086 3990 τις
1107 3903 1125 3977 ὁ
1147 3909 1294 3998 μαθητὴς
1315 3915 1378 3979 οὖν

222 4009 475 4101 παραδεδόσθω,
510 4019 653 4085 συνεῖναί
680 4043 716 4085 τε
745 4021 797 4084 καὶ
827 4019 928 4086 εἰπεῖν
957 4015 1019 4086 οὐκ
1046 4013 1200 4106 ἀγενοὴς4
1243 4021 1317 4088 Hac
1341 4042 1379 4087 ox

158 4181 161 4190 ,
223 4125 427 4192 similitudine
461 4127 649 4194 concludere
681 4128 833 4213 Menippo
864 4131 1038 4196 Horatium
1068 4151 1161 4194 usum
1193 4149 1274 4207 4444,
1307 4130 1378 4195 ideo

225 4233 427 4318 probandum
441 4241 583 4317 nonest,
606 4237 681 4320 quia
700 4235 806 4310 verba,
831 4236 946 4322 quibus
967 4235 1130 4302 Lucienus
1152 4257 1229 4302 usus
1251 4242 1308 4319 est,
1331 4259 1378 4318 ea,

228 4363 308 4426 quae
332 4350 428 4411 antea
456 4344 656 4425 disseruerat,
683 4345 822 4412 breviter
843 4345 1124 4430 comprehendunt.
1167 4347 1307 4414 Horatio
1333 4347 1380 4412 ita
1411 4379 1414 4388 ν

227 4452 376 4518 scribenti
398 4455 425 4520 si
448 4454 554 4521 omnio
577 4453 659 4520 alius
682 4456 820 4522 auctoris
849 4456 1028 4541 exemplum
1050 4454 1292 4542 supponendum
1322 4460 1379 4542 est,

1237 4573 1278 4627 3*
