3306 4926
682 359 895 430 -19-

313 531 430 602 Horat.
458 539 517 600 sat.
540 540 609 616 13,
640 537 694 602 80:
728 535 844 631 ,Siquis
874 543 946 602 eu'm
974 556 1108 617 servum,
1138 535 1280 620 patinam
1308 529 1363 618 qui

212 643 325 708 tollere
349 643 456 727 jussus
482 641 645 709 Semessos
671 645 773 728 pisces
796 643 1001 728 tepidumque
1027 643 1202 727 ligurrierit
1225 643 1288 727 jus,
1321 642 1363 708 In

212 771 305 816 cruce
328 749 473 836 suffigat:
507 749 659 817 Labeone
679 745 821 816 insanior
842 752 926 816 inter
946 750 1049 818 Sanos
1072 751 1207 816 dicatur‘
1233 757 1264 814 et
1285 747 1362 816 Luc.

210 857 319 924 Prom.
351 861 392 924 10
424 853 503 937 ,ἄλλ’
531 851 621 944 ὅμως
647 856 782 930 ἐκείνων
811 853 873 922 οὐκ
900 856 987 922 ἔστιν
1021 851 1107 936 ὅςτις
1140 860 1189 944 τῷ
1220 857 1360 942 μαγείρῳ

211 966 354 1048 σταυροῦ
377 957 418 1031 ἂν
436 957 612 1051 τιμήσαιτο,
641 966 669 1030 el
696 963 737 1030 τὰ
758 965 838 1048 κρέα
859 961 951 1047 ἕψων
979 967 1091 1042 καθεὶς
1112 961 1173 1030 τὸν
1199 957 1363 1029 δάκτυλον

209 1075 270 1138 τοῦ
285 1075 394 1157 ζωμοῦ
409 1095 441 1139 τι
455 1068 723 1160 περιελιχμήσατο
737 1066 758 1158 ἠ
778 1067 984 1162 ὀπτωμένων
1005 1067 1198 1150 ἀποσπάσας
1219 1097 1251 1137 τι
1270 1095 1362 1136 κοτε-

211 1172 395 1266 βρόχθισεν.
437 1181 465 1246 εἰ
486 1182 522 1246 δὲ
543 1183 596 1246 καὶ
627 1176 715 1245 ,τάνυ
746 1173 940 1266 ὀργισθεῖεν,
969 1218 1011 1232 ·-
1041 1175 1302 1266 ἀνεσκολοπίσθη
1328 1180 1363 1244 δὲ

212 1283 316 1367 οὐδεὶς
336 1284 414 1375 παρ’
443 1284 555 1368 αὐτοῖς
582 1292 652 1355 τῶν
679 1282 884 1376 τηλικούτων
914 1286 1025 1356 ἓνεκαῖ
1069 1290 1122 1356 Ne
1140 1291 1205 1378 lhic
1234 1289 1363 1374 quidem

210 1417 281 1462 cum
303 1395 425 1464 Theod.
447 1398 625 1464 Fritzsohio
646 1397 738 1479 facio,
769 1419 841 1462 cum
868 1418 907 1462 ex
935 1417 1109 1481 progressu
1132 1399 1368 1462 sententiarum·

208 1507 388 1572 necessario
417 1506 499 1572 haec
529 1505 627 1570 verba
652 1511 729 1570 nata
763 1525 831 1570 esse
864 1525 1022 1572 censeam.
1075 1505 1186 1588 Atque
1212 1503 1362 1584 Horatio,

210 1615 265 1698 qui
287 1636 359 1680 cum
378 1615 531 1680 adversus
560 1615 731 1680 stoicorum
759 1613 839 1678 illud
870 1614 972 1698 ,paria
1001 1634 1069 1678 esse
1096 1619 1229 1697 peccata
1256 1613 1363 1678 omnia

210 1721 395 1806 pariterque
408 1720 580 1806 punienda‘
601 1727 731 1806 pugnet,
753 1742 854 1804 parva
870 1721 1044 1787 amicornm
1063 1727 1196 1805 peccata
1219 1721 1363 1809 excusari

210 1831 286 1912 vult,
308 1831 423 1896 hocin
446 1831 551 1896 animo
574 1823 659 1896 erat:
690 1831 716 1894 si
746 1829 787 1894 ab
819 1827 963 1896 omnibus
991 1829 1095 1894 insani
1125 1850 1193 1894 esse
1220 1833 1362 1912 putatur,

211 1937 382 2004 crudeliter
402 1939 452 2004 vel
471 1940 504 2004 in
524 1939 667 2004 homines
690 1938 812 2004 minimi
846 1938 950 2022 pretii,
981 1937 1036 2021 qui
1058 1937 1179 2020 aliquid
1202 1939 1364 2004 commise-

210 2054 295 2130 runt,
317 2049 431 2131 invehi,
452 2055 573 2132 quanto
588 2048 691 2131 magis
706 2045 1003 2130 reprehendendum
1018 2053 1076 2127 est,
1099 2047 1126 2110 si
1141 2047 1212 2130 quis
1226 2047 1363 2112 amicum

210 2155 251 2220 ob
271 2176 406 2240 parvum
427 2156 557 2240 aliquod
575 2155 726 2220 delictum
749 2153 817 2222 odit
839 2160 936 2238 atque
959 2151 1064 2238 fugit?
1107 2153 1182 2219 Hoc
1204 2161 1289 2220 certe
1311 2155 1363 2219 ille

211 2263 251 2328 de
272 2285 329 2328 suo
351 2263 548 2348 deprompsit
569 2285 674 2347 neque
694 2261 766 2327 ideo
787 2283 979 2345 quemquam
1002 2265 1076 2326 ante
1092 2261 1199 2326 oculos
1213 2260 1363 2342 habuisse

212 2369 275 2436 dici
296 2375 410 2453 potest,
433 2371 508 2453 quia
529 2371 626 2454 paulo
649 2371 805 2453 copiosius
824 2369 858 2434 id
881 2368 1055 2451 descripsit.
1099 2367 1362 2451 Circumspiciens

211 2477 316 2561 igitur,
347 2497 442 2560 quem
468 2476 570 2540 amieo
602 2483 786 2560 opponeret,
818 2476 936 2542 scilicet
963 2477 996 2540 in
1023 2495 1158 2556 servum,
1192 2477 1248 2560 qui
1273 2475 1364 2540 nihili

211 2572 452 2666 aestimabatur,
473 2583 594 2666 incidit,
617 2590 649 2648 et
670 2585 703 2648 in
726 2607 806 2667 eum,
830 2585 885 2668 qui
905 2585 939 2648 in
959 2604 1038 2648 cena
1053 2582 1183 2666 aliquod
1200 2584 1363 2668 negotium

210 2691 353 2774 haberet,
375 2693 451 2774 quia
465 2691 549 2758 inter
563 2690 741 2758 cenandum
756 2693 893 2756 amicum
913 2691 1147 2774 delinquentem
1163 2691 1268 2756 faeere
1290 2711 1362 2756 oon-

211 2800 367 2867 stituerat.
411 2799 522 2883 Atque
545 2800 633 2882 eligit
657 2820 737 2880 eum,
761 2800 815 2882 qui
838 2798 925 2864 cibos
940 2800 1050 2864 tollere
1063 2800 1170 2883 jussus
1186 2806 1241 2868 est.
1283 2799 1364 2866 Jam

210 2891 298 2992 quod
317 2909 487 2994 ligurriens
509 2926 618 2972 servus
639 2906 770 2992 fingitur
792 2907 831 2971 de
847 2905 986 2990 piscibus
1002 2914 1034 2972 et
1050 2909 1122 2992 jure
1137 2913 1234 2992 atque
1249 2918 1362 2991 poena,

210 3036 274 3098 qua
296 3016 348 3081 ille
371 3037 391 3080 a
414 3037 492 3082 sano
506 3015 634 3081 homine
647 3037 711 3080 non
726 3014 896 3097 afficiatur,
920 3016 1021 3080 crucis
1037 3016 1225 3099 supplicium
1239 3014 1362 3091 dieitur,

209 3123 328 3188 nullam
350 3125 560 3208 suspicionem
586 3128 699 3202 movet,
730 3124 805 3207 quia
833 3123 914 3188 haec
941 3123 1047 3190 omnia
1076 3124 1241 3189 tritissima
1262 3129 1362 3192 eraut.

210 3228 333 3314 «ltaque
354 3252 393 3296 ex
412 3233 482 3316 ipso
504 3232 734 3296 sententiarum
757 3252 929 3316 progressu
950 3231 1030 3296 haec
1052 3230 1150 3296 verba
1172 3237 1243 3296 orta
1271 3237 1363 3309 sunt;¹

210 3358 313 3422 neque
336 3338 429 3403 aliter
450 3339 536 3422 apud
557 3338 744 3406 Lucianum.
787 3339 822 3404 Is
845 3340 928 3404 enim
953 3339 1091 3424 exponit,
1122 3361 1219 3424 quam
1245 3340 1362 3423 injuste

210 3443 235 3510 J
236 3445 363 3528 uppiter
374 3445 600 3515 Prometheum
616 3446 761 3512 Caucaso
777 3448 873 3514 clavis
887 3447 1083 3531 affigendum
1098 3449 1264 3527 curaverit,
1287 3449 1362 3530 quia

209 3553 262 3617 ille
283 3553 316 3616 in
344 3554 487 3618 earnium
517 3553 737 3620 distributione
766 3555 827 3638 ipsi
855 3556 967 3638 malas,
1000 3555 1060 3620 sibi
1088 3557 1224 3643 optimas
1252 3561 1362 3638 partes

158 3659 165 3670 ”
210 3661 386 3742 exemisset,
414 3683 511 3746 quam
532 3663 681 3746 injuriam
703 3667 739 3728 ut
767 3662 914 3745 illustret,
949 3663 1090 3748 opponit,
1119 3661 1279 3746 quomodo
1307 3664 1362 3728 ho-

208 3770 309 3836 mines
331 3770 424 3834 simili
445 3772 477 3834 iu
498 3792 533 3835 re
557 3791 590 3836 se
612 3775 736 3854 gerant.
779 3767 889 3856 Atque
920 3772 1014 3855 coqui
1042 3777 1208 3854 peccatum
1232 3771 1362 3854 aliquod

210 3877 369 3962 quomodo
392 3877 437 3942 illi
459 3879 627 3962 accipiant,
650 3877 893 3944 describendum
917 3878 977 3942 sibi
997 3878 1157 3962 proponit,
1184 3879 1287 3962 coqui,
1316 3879 1361 3944 iu-

210 4006 318 4070 quam,
346 4007 411 4051 non
439 3986 532 4070 pueri
561 3985 648 4051 cibos
672 3987 785 4052 tollere
810 3986 898 4070 jussi.
942 3986 1052 4051 Etiam
1080 3985 1164 4051 hanc
1190 3986 1362 4070 imaginem

209 4114 247 4158 eo
269 4091 364 4156 modo
385 4093 565 4158 institutam
588 4115 665 4173 esse,
694 4099 732 4158 ut
754 4094 847 4178 coqui
869 4093 1053 4178 cuppediae,
1080 4093 1162 4176 juris
1183 4094 1361 4178 carnisque,

210 4201 312 4266 crucis
332 4221 455 4284 poenae
477 4202 595 4268 mentio
617 4201 717 4282 fieret,
739 4205 985 4266 cousentaneum
1014 4205 1070 4279 est,
1105 4220 1176 4264 cum
1198 4199 1361 4268 Lucienus

211 4314 424 4390 assumeret,
458 4329 540 4394 quae
570 4309 753 4393 saepissime
783 4309 914 4375 viderat.
958 4307 1074 4392 Itaque
1102 4329 1166 4374 nou
1196 4309 1360 4391 habemus,

210 4435 267 4481 cnr
299 4413 439 4484 Horatio
470 4427 502 4483 et
533 4415 678 4484 Lucieno
711 4416 808 4482 alium
841 4415 1047 4502 scriptorem,
1075 4414 1193 4482 nedum
1225 4415 1361 4485 eundem

1221 4533 1258 4590 2*
