3306 4926
757 395 969 462 ...36-

288 559 508 630 Themistoclis
537 563 706 638 verborum
733 567 819 653 apud
848 567 991 652 Thucyd.
1014 566 1054 632 II
1084 571 1125 634 60
1159 563 1304 650 ,οὐδενὸς
1331 565 1439 652 οἴομαι

286 665 396 758 ἥσσων
417 666 499 738 εἶναι
520 675 644 756 γνῶναί
663 697 699 741 τε
729 671 770 740 τὰ
801 675 918 742 δέοντα
953 675 1006 750 καὶ
1038 671 1228 760 ἑρμηνεῦσαι
1259 681 1373 742 ταῦτα(
1406 677 1440 740 in

286 785 424 846 mentem
454 781 560 846 venire
588 783 708 866 potuit,
742 802 824 867 quae
857 783 953 848 etiam
980 782 1125 848 Lucieno
1160 789 1238 850 nota
1269 784 1365 850 fuisse
1399 783 1440 848 de

286 889 391 956 saltat.
415 909 440 955 ο.
463 891 504 954 36
528 894 560 953 et
579 889 700 956 rhetor.
723 895 883 974 praecept.
906 912 931 958 c.
958 894 974 956 1
998 889 1228 958 demonstrant.
1314 901 1317 914 ‘

193 1005 194 1012 ’
227 987 502 1078 Π*Ἑ·ινΗοαοι.
527 1003 587 1067 sat.
618 983 825 1068 Este-57:
857 999 1059 1086 ,Plerumque
1085 1005 1229 1066 recoctus
1257 998 1371 1066 Scriba
1400 1020 1440 1076 en

285 1103 492 1188 quinqueviro
518 1127 648 1172 corvum
675 1105 803 1173 deludet
836 1107 977 1174 hiantem
999 1107 1221 1194 Captatorque
1245 1106 1335 1172 dabit
1356 1106 1438 1172 risus

283 1209 404 1280 Nasica
420 1211 565 1294 Ocrano‘,
587 1213 667 1280 Luc.
683 1213 798 1300 dialog.
814 1221 906 1282 mort.
932 1215 995 1286 Vl
1020 1212 1048 1299 ,ὁ
1070 1219 1128 1303 μὲν
1151 1218 1185 1304 (i.
1201 1238 1227 1284 e.
1244 1211 1262 1281 ὁ
1281 1207 1439 1290 πλούσιος

282 1312 468 1408 Εὐκράτης)
486 1318 570 1388 ἔσται
586 1316 765 1408 ἀθάνατος,
787 1319 875 1388 otte
897 1324 929 1407 (i.
952 1345 978 1389 e.
996 1321 1026 1388 ol
1039 1321 1099 1390 τὸν
1117 1327 1238 1410 κλῆρον
1254 1322 1437 1408 θηρῶντες)

282 1428 518 1514 προαπίτωσαν
551 1423 655 1496 αὐτοῦ
684 1422 789 1518 μάτην
815 1425 1044 1518 ἐπιχανόντες,
1079 1433 1121 1499 ad
1145 1432 1232 1518 quod
1258 1431 1437 1498 Mercurius

279 1540 397 1622 ,γελοῖα
410 1538 586 1620 πείσονται,
603 1543 786 1626 πανοῦργοι
801 1533 911 1618 ὄντεςὶ
937 1539 1033 1626 Quod
1047 1541 1218 1626 utrobique
1232 1539 1364 1606 verbum
1381 1540 1436 1620 ‚in-

280 1644 380 1711 hiare‘
399 1646 438 1712 de
454 1653 618 1732 captatore
632 1654 816 1734 usurpatur,
836 1650 880 1717 A.
891 1649 1078 1718 Heinrichio
1094 1651 1306 1736 suspicionem
1320 1653 1434 1732 moret,

280 1759 317 1820 ut
337 1760 507 1841 utrumque
529 1756 641 1824 eodem
663 1763 794 1824 auctore
815 1779 908 1824 usum
931 1781 999 1826 esse
1022 1760 1143 1842 credat,
1170 1758 1226 1826 sed
1255 1759 1322 1824 sine
1348 1758 1436 1842 justa

281 1883 385 1952 causa.
429 1864 516 1930 Nam
538 1865 624 1949 apud
640 1864 814 1934 Horatium
835 1867 909 1932 inde
932 1866 1012 1932 illud
1043 1867 1174 1948 exsistit,
1204 1863 1290 1950 quod
1311 1864 1435 1948 longius

279 1974 480 2057 persequitur
510 1972 660 2052 fabulam,
694 1995 800 2059 quam,
831 1976 917 2041 corvi
946 1975 1105 2042 mentione
1134 1974 1230 2056 facta,
1266 1973 1434 2040 inchoavit.

279 2081 456 2148 Praeterea
478 2082 561 2148 hunc
583 2084 666 2148 illius
688 2082 778 2148 verbi
799 2105 892 2150 usum
914 2083 1042 2149 omnino
1063 2103 1128 2150 non
1147 2083 1310 2148 insolitum
1328 2082 1431 2165 fuisse,

280 2213 319 2256 ex
341 2189 446 2258 Plaut.
492 2189 590 2258 Stich.
611 2191 663 2260 IV
686 2194 758 2272 225
782 2195 814 2256 et
836 2191 900 2258 mil.
922 2191 1001 2274 glor.
1024 2189 1082 2256 ΙΙΙ
1106 2194 1134 2272 1,
1156 2193 1216 2256 121
1240 2189 1351 2256 elucet.

380 2296 497 2364 Horat.
520 2303 578 2366 sat.
594 2298 613 2364 I
630 2304 658 2382 1,
682 2302 712 2382 9,
726 2300 791 2365 lO:
814 2298 1012 2383 ,Agricolam
1033 2297 1145 2364 laudat
1163 2297 1244 2382 juris
1265 2299 1431 2384 legumque

278 2408 407 2492 peritus,
436 2407 503 2474 Sub
530 2407 606 2492 galli
628 2414 757 2474 centum
781 2408 944 2474 consultor
965 2407 1021 2473 ubi
1043 2409 1124 2474 ostie
1145 2408 1271 2492 pulsat,
1292 2407 1371 2474 Luc.
1394 2406 1433 2473 de

278 2539 374 2586 merc.
404 2517 494 2583 cond.
517 2519 572 2584 30:
607 2511 681 2594 ,ὑπὸ
715 2511 835 2603 δ’ςόδὴν
868 2511 1099 2602 ἀλεκτρυόνων
1132 2509 1355 2604 ἀνεγρόμενος,
1385 2511 1434 2595 „d

279 2627 417 2704 δείλαιος
440 2617 522 2710 ἐγώιι
558 2617 641 2710 φῄςί.
684 2623 736 2690 Βε
757 2625 821 2690 alia
850 2645 988 2709 persona
1016 2625 1068 2690 hic
1096 2630 1193 2710 atque
1224 2624 1287 2690 illic
1314 2624 1431 2708 agitur,

244 2787 248 2816 ,
282 2757 381 2820 quere
404 2757 467 2819 quo
485 2735 557 2818 jure
579 2731 674 2799 ambo
696 2733 768 2806 loci,
780 2754 819 2798 ex
836 2733 998 2799 communi
1019 2733 1107 2798 fonte
1127 2732 1254 2798 fluxisse
1275 2731 1431 2814 dicantur,

278 2823 419 2928 intellegi
441 2843 559 2926 nequit.
603 2841 715 2908 Potius
736 2841 852 2908 iteres
874 2863 908 2908 se
929 2840 1037 2924 habet,
1059 2847 1096 2907 ut
1109 2863 1167 2926 per
1183 2863 1217 2908 se
1232 2847 1264 2906 et
1274 2840 1431 2907 Horatius

280 2960 312 3018 et
333 2953 497 3018 Lucienus
518 2971 555 3015 eo
576 2951 728 3029 venerint,
749 2954 786 3014 ut
806 2949 1042 3015 incommodum
1065 2971 1158 3016 mane
1177 2949 1329 3034 surgendi
1348 2969 1430 3014 com·

279 3065 501 3127 memorarent.
545 3059 656 3142 Atque
677 3058 836 3124 Horatius
862 3057 924 3123 hoo
952 3058 1056 3141 ipsum
1086 3065 1321 3142 commemorat,
1355 3057 1430 3142 quia

277 3170 345 3254 ipse
376 3168 551 3252 aegerrime
579 3166 614 3232 id
641 3165 807 3254 ferebat1);
838 3165 1000 3232 Lucienus
1029 3167 1062 3232 id
1093 3173 1327 3245 commemorat,
1356 3166 1430 3250 quia

279 3277 385 3344 omnia
414 3277 497 3342 vitae
527 3275 613 3341 docti
639 3274 774 3340 hominis
795 3274 941 3340 mercede
968 3274 1117 3341 conducti
1135 3275 1336 3341 incommoda
1355 3296 1429 3340 enu-

278 3391 389 3452 meret.
432 3385 480 3450 Ut
507 3383 679 3466 Lucienus,
711 3384 757 3448 ita
778 3382 937 3448 Horatius
963 3383 1051 3448 haud
1081 3384 1146 3448 scio
1169 3405 1211 3450 an
1233 3384 1429 3450 comoediam

276 3495 422 3560 Atticam
455 3493 620 3576 antiquam
648 3491 819 3578 imitatusl)
852 3489 1055 3576 hyperbolice
1084 3489 1154 3573 ,sub
1184 3491 1261 3575 galli
1291 3495 1428 3558 cantum‘

277 3602 402 3684 dixerit,
415 3591 808 3682 sicutetiamsatI¹6,42‚
821 3598 1155 3683 apparamento
1170 3637 1210 3647 -
1224 3599 1287 3664 tria
1295 3599 1427 3680 funera‘,

275 3718 333 3777 sat.
346 3709 366 3774 I
377 3713 407 3791 5,
420 3713 439 3774 3
457 3707 667 3790 ,Graecorum
678 3707 772 3792 longe
784 3707 1004 3790 doctissimus‘,
1020 3706 1107 3772 eliud
1122 3706 1324 3792 hyperbolice
1339 3707 1426 3774 dixit.

377 3817 496 3884 Horat.
518 3823 578 3882 sat.
600 3815 639 3881 ΙΙ
661 3819 691 3898 5,
715 3819 764 3896 74,
789 3819 846 3880 75:
875 3815 1013 3898 ,Scribet
1033 3816 1119 3881 mala
1140 3817 1282 3882 carmina
1303 3835 1425 3880 vecors:

273 3926 440 4008 Laudato‘,
451 3926 530 3992 Luc.
540 3924 616 3991 ibid.
627 3927 669 3991 35
685 3917 733 4010 ,ἢν
749 3924 785 3990 δὲ
795 3917 996 4010 ποιητικὸςῆ
1010 3919 1257 4010 οαγγραφικὸςὸ
1271 3919 1427 4002 πλούσιος

272 4024 291 4120 ᾗ
319 4036 372 4100 καὶ
400 4029 490 4121 παρὰ
516 4028 556 4100 τὸ
585 4033 718 4098 δεῖπνον
746 4030 788 4098 τὰ
817 4025 921 4098 αὑτοῦ
943 4025 1094 4117 deperiri,
1120 4025 1195 4098 τότε
1216 4033 1269 4098 καὶ
1290 4031 1428 4119 μάλιστα

272 4140 482 4230 διαρραγῆναι
496 4138 556 4228 χρὴ
571 4137 778 4208 ἐπαινοῦντα.
805 4140 918 4224 uelis)
934 4141 980 4206 rei
996 4139 1212 4208 observandae
1228 4145 1424 4211 occasionem

217 4270 223 4297 «.
272 4266 495 4384 ᾝΙ
512 4315 537 4384 6,
561 4315 618 4380 120,
639 4314 694 4368 122.

374 4401 395 4471 ²)
411 4401 458 4456 cfr.
477 4399 576 4455 Theod·
594 4401 703 4458 Amold.
722 4399 741 4457 l.
759 4399 777 4454 l.
795 4417 820 4470 p.
840 4400 881 4456 36.

373 4487 394 4560 ³)
411 4487 456 4543 cfr.
474 4487 590 4544 Martial.
608 4487 657 4544 ΙΙΙ.
677 4488 724 4553 50;
745 4485 807 4553 XII,
827 4487 868 4542 40.
