3306 4926
760 337 970 404 ..20..

292 507 389 588 atque
410 503 609 587 potissimum
624 502 821 590 Menippum,
842 515 916 574 ante
940 509 1047 574 oculos
1069 514 1230 574 versatum
1249 531 1317 575 esse
1337 511 1442 594 opine-

291 634 373 694 mur,
399 613 586 696 praesertim
614 635 686 678 cum
706 615 760 681 alii
780 637 906 701 quoque
928 618 1097 701 scriptores
1119 619 1251 683 similem
1272 619 1442 702 imaginem

292 723 478 807 exprimant,
500 721 670 806 Epicrates
693 723 802 810 (Mein.
823 725 882 790 III
902 748 933 810 p.
957 728 1035 813 368)
1064 727 1109 806 ,Il
1128 723 1189 811 γὰρ
1202 720 1337 810 ”Epiron
1359 719 1378 810 ἢ
1400 765 1441 819 ‘ss

290 823 373 916 ὁρᾶν
395 854 430 896 τε
451 831 579 914 κείμενα
593 824 733 917 ’Ἀμητας
754 825 940 918 ἡμιβρῶτας
962 826 1110 916 ὀρνίθειά
1129 857 1173 915 τε,
1190 820 1245 897 Ὧν
1263 827 1341 897 ου’δὲ
1356 837 1441 913 λειφ-

290 938 423 1004 θέντων
451 939 544 1023 ddum
573 934 683 1025 δούλῳ
716 953 840 1024 φαγεῖν,
866 933 921 1018 Ὦς
947 921 1047 1023 mcccv
1077 938 1108 1006 οἱ
1134 946 1304 1026 γυναῖκεςί,
1339 930 1464 1007 Lucil.x

290 1047 396 1130 XIII,
425 1045 516 1115 VIII
542 1047 606 1133 (ed.
627 1048 705 1114 Luc.
728 1047 886 1131 Mueller.)
918 1049 1143 1132 ,jocundasque
1172 1070 1252 1132 puer
1282 1050 1336 1132 qui
1365 1050 1441 1113 lam-

289 1155 384 1221 berat
423 1176 478 1220 ore
506 1155 698 1238 placentas,‘
729 1155 803 1223 Juv.
827 1155 893 1238 IX,
923 1161 943 1222 5
979 1178 1045 1236 ,nos
1074 1156 1243 1239 colaphum
1273 1157 1442 1220 incutimus

289 1253 443 1330 lambenti
472 1263 613 1330 crustula
642 1270 752 1346 servo‘,
789 1285 883 1348 quem
912 1285 1047 1348 versum,
1075 1266 1129 1348 qui
1157 1286 1259 1354 nuper
1280 1262 1356 1328 Juv.
1373 1270 1444 1328 sat.
1485 1303 1490 1312 -

290 1371 398 1454 edidit,
420 1372 634 1438 Buechelerus
653 1395 725 1438 mea
747 1374 905 1438 sententia
928 1375 1047 1458 optimo
1067 1374 1140 1458 jure
1160 1372 1298 1437 retinuit.

391 1501 509 1569 Horat.
522 1509 581 1569 sat.
593 1501 631 1567 II
647 1506 676 1584 6,
695 1507 752 1568 63:
775 1502 814 1583 ,Ο
832 1504 960 1588 quando
981 1503 1057 1569 faba
1071 1503 1276 1589 Pythagorae
1293 1507 1440 1585 cognata‘

290 1615 322 1675 ot
336 1609 413 1677 Luc.
429 1610 503 1693 gall.
522 1613 563 1674 18
589 1607 704 1687 ,ἐκεῖνο
726 1611 763 1675 δέ
783 1633 839 1695 μοι
860 1611 939 1692 εἰπέ,
962 1612 993 1676 τί
1016 1630 1066 1676 σοι
1089 1610 1211 1697 ἐπῆλθε
1233 1604 1336 1686 νόμον
1351 1611 1441 1695 ποιή-

290 1723 410 1783 σασθαι
427 1712 509 1802 μήτε
524 1717 633 1800 κρεῶν
648 1711 726 1802 μήτε
741 1711 877 1802 κυάμων
893 1717 1037 1798 ἐσθίειν’;
1049 1723 1071 1802 1)
1095 1719 1191 1784 Hanc
1207 1718 1442 1784 similitudinem

290 1825 407 1890 nullius
429 1825 582 1889 momenti
608 1846 677 1890 esse
699 1825 792 1890 facile
814 1828 1015 1910 perspicuum
1036 1834 1091 1904 est,
1126 1848 1197 1892 eum
1223 1827 1301 1891 illud
1323 1827 1443 1910 Pytha-

292 1953 461 2016 goreorum
476 1931 690 2011 interdictum,
712 1933 755 1997 ad
778 1934 864 2016 quod
885 1935 931 1998 illi
953 1935 1106 2015 alludunt,
1128 1957 1148 1999 a
1170 1936 1324 2000 sexcentis
1347 1937 1443 2020 scrip-

291 2039 452 2127 toribus2)
477 2046 742 2105 commemoretur
765 2048 862 2124 atque
885 2043 980 2106 etiam
1000 2043 1192 2108 derideatur.

393 2149 553 2234 Quoniam
575 2171 685 2214 omnes
717 2151 936 2217 similitudines
967 2151 1129 2219 aTheod.
1148 2153 1324 2218 Fritzschio
1353 2151 1439 2215 inda-

290 2264 392 2343 gatas
405 2258 674 2342 perlustravimus,
703 2261 959 2342 nullamextare,
991 2283 1054 2346 qua
1076 2263 1141 2328 eius
1173 2263 1329 2326 sententia
1359 2281 1440 2324 com-

289 2367 465 2446 mendetur,
494 2367 640 2451 judicare
670 2369 757 2448 licet3
793 2370 881 2434 nulla
911 2371 994 2435 enim
1021 2372 1067 2436 ita
1097 2374 1284 2455 comparata
1316 2375 1376 2448 est,
1406 2373 1443 2432 ut

290 2477 435 2561 Menippi
456 2477 666 2541 imitationem
689 2476 817 2542 subesse
841 2479 1009 2544 dicendum
1030 2480 1079 2544 sit.

392 2585 470 2650 Jam
500 2584 727 2664 similitudines,
758 2607 838 2669 quas
862 2586 1069 2652 Hermannus
1094 2585 1290 2650 Fritzschius
1317 2583 1441 2647 investi·

290 2691 385 2775 gavit,
414 2697 659 2775 perscrutemur,
686 2697 782 2776 atque
810 2694 959 2776 primum,
991 2715 1074 2778 quae
1096 2695 1179 2758 inter
1200 2691 1380 2760 Varronem
1410 2695 1442 2754 et

288 2797 463 2863 Horatium
484 2797 693 2878 intercedant,
715 2799 887 2869 videamus.

390 2926 507 2994 Horat.
529 2932 590 2992 sat.
610 2927 630 2991 I
651 2932 680 3007 3,
711 2931 768 2993 56:
799 2928 975 3008 ,Sincerum
1004 2929 1147 3011 cupimus
1169 2947 1224 2992 vas
1253 2928 1441 2992 incrustare‘

290 3039 322 3098 et
352 3055 401 3118 ep.
432 3033 452 3099 I
486 3040 521 3115 2,
555 3039 613 3101 69:
659 3035 743 3120 ,Quo
784 3037 883 3101 semel
918 3040 966 3100 est
1000 3034 1124 3100 imbuta
1161 3055 1270 3098 recens
1304 3033 1442 3098 servabit

291 3140 422 3206 odorem
454 3142 553 3208 Testa
592 3143 656 3208 diu‘
693 3151 726 3209 et
756 3143 852 3212 Varr.
883 3149 1016 3210 sentent.
1054 3143 1155 3229 (Ilien.
1187 3163 1217 3225 p.
1251 3145 1322 3220 267,
1359 3142 1440 3228 58a)

290 3249 438 3334 ,Sapiunt
452 3272 529 3317 vasa
551 3252 702 3336 quicquid
722 3253 862 3336 primum
882 3257 1092 3336 acceperunt‘.
1135 3249 1267 3315 Nullam
1282 3250 1344 3314 vim
1358 3250 1441 3316 hanc

291 3358 528 3424 similitudinem
554 3360 673 3426 habere
703 3381 776 3426 vere
808 3366 916 3425 monet
943 3360 985 3427 A.
1007 3358 1255 3443 Heinrichius,³)
1288 3381 1360 3423 cum
1389 3359 1441 3422 ille

290 3467 379 3531 locus
394 3466 616 3536 Varronianus
637 3469 670 3532 iu
695 3467 858 3548 Varronis
881 3489 964 3552 quae
988 3468 1146 3548 dicuntur,
1169 3467 1330 3530 sententiis
1353 3487 1441 3550 repe-

290 3575 403 3656 riatur,
428 3596 564 3658 quarum
592 3575 762 3642 nonnullae
788 3577 923 3642 fortasse
946 3598 963 3640 e
985 3574 1142 3642 Varronis
1169 3573 1258 3638 libris
1283 3573 1440 3651 fluxerint,

290 3691 354 3746 non
367 3703 483 3761 omnes,
499 3689 536 3748 ut
548 3683 640 3748 facile
653 3684 864 3768 intellegatur,
881 3707 919 3749 ex
931 3683 1086 3752 Varronis
1098 3683 1440 3768 saturisMenippeis.·1)
1459 3761 1461 3768 γ

289 3789 440 3854 Lucretio
453 3791 493 3877 ⁵),
530 3812 550 3856 a
581 3813 644 3874 quo
671 3791 772 3857 multa
797 3791 972 3858 Horatium
998 3797 1179 3856 mutuatum
1210 3811 1278 3855 esse
1307 3795 1440 3868 constat,

290 3919 363 3962 eum
389 3899 475 3964 illam
507 3901 776 3983 comparationem
805 3899 943 3984 pectoris
972 3898 1103 3964 humani
1135 3919 1206 3964 cum
1228 3917 1312 3974 vaso,
1344 3917 1441 3979 quam

387 4127 408 4196 ¹)
429 4127 475 4181 cfr.
496 4129 576 4183 ctiam
594 4128 658 4182 Luc.
677 4144 729 4182 ver.
748 4127 812 4182 hiet.
830 4129 916 4197 1124,
934 4127 981 4182 vit.
998 4131 1067 4182 auct.
1086 4141 1107 4182 o.
1126 4127 1150 4180 6.

393 4217 414 4288 ⁹)
432 4217 463 4272 de
481 4235 533 4288 qua
550 4235 578 4274 re
596 4235 621 4276 v.
639 4219 734 4274 Zolleri
755 4219 806 4288 „D.
824 4218 924 4272 Philos.
942 4217 966 4271 d.
985 4217 1104 4272 Grieeh.“
1124 4216 1158 4270 1⁴
1176 4233 1201 4285 p.
1216 4215 1264 4270 291
1284 4219 1339 4270 not.
1361 4215 1384 4273 1.

392 4308 413 4378 Ι)
430 4307 447 4361 l.
465 4307 483 4362 1.
501 4323 526 4376 p.
546 4309 570 4364 9.
672 4309 693 4378 ⁴)
711 4309 781 4363 Blae.
806 4308 916 4376 praelat
940 4307 974 4372 X,
1000 4309 1043 4363 cni
1069 4306 1177 4362 Teuffel.
1202 4305 1312 4375 ,Gcscb
1331 4306 1356 4362 d.
1375 4309 1438 4364 rim.

288 4397 371 4455 Litt.“
389 4402 404 4464 ἓ
423 4399 479 4465 169,
498 4399 515 4452 2
532 4399 686 4454 mscntitur.
794 4397 814 4470 ὕ)
833 4399 870 4452 VI
890 4400 922 4452 17
940 4416 996 4469 sqq.
