3306 4926
673 365 889 432 „37-

149 539 151 543 ’
206 535 271 602 vita
293 535 476 620 saepissime
498 533 693 620 praebebat3
716 557 815 621 quare
837 517 900 604 noi
923 538 1084 638 helpemus,
1108 561 1165 605 cur
1186 541 1361 629 Horatium
1439 550 1443 562 “

209 653 241 712 et
258 647 441 711 Lucienum
468 645 548 710 haec
579 643 753 712 scribentes
780 647 864 712 inter
894 669 926 712 se
957 635 1182 732 constamnes
1199 649 1296 734 idque
1325 673 1362 716 eo

207 755 321 837 minus,
347 752 434 837 quod
456 752 563 835 verba,
588 751 703 836 quibus
725 759 867 828 utuntur,
892 753 984 820 uelde
1005 756 1089 820 iuter
1111 777 1144 821 se
1167 756 1361 840 discrepant:

207 863 259 928 ifle
289 859 484 945 simpliciter,
517 860 603 945 quod
629 861 718 943 vidit,
745 859 853 944 refert,
882 863 935 930 hic
964 863 1059 930 verbo
1083 861 1364 951 διαῤῥήμυοσθαιῑ)

205 969 350 1037 adhibito
373 971 491 1035 comice
512 970 701 1035 sententiam
723 975 908 1056 exaggerat.

309 1077 425 1146 Horat.
447 1084 506 1144 sat.
529 1078 548 1142 I
572 1083 600 1162 1,
629 1082 689 1144 111
711 1084 743 1144 et
767 1083 830 1144 112
854 1079 960 1165 (Illuc,
982 1078 1066 1146 unde
1088 1080 1162 1164 abii,
1181 1081 1287 1164 redeo,
1308 1083 1363 1165 qui

209 1205 313 1270 nemo,
337 1191 373 1252 ut
394 1207 521 1270 avarus,
543 1186 586 1254 Se
606 1186 811 1274 probet...)
834 1208 946 1272 ,neque
970 1209 1003 1253 se
1013 1189 1126 1253 maiori
1138 1175 1364 1273 pauperiorum

211 1293 338 1360 Turbae
360 1301 540 1378 comparet‘,
560 1295 640 1360 Luc.
663 1293 760 1361 Char.
778 1299 817 1360 17
839 1289 932 1376 ,ἀλλὰ
953 1290 992 1360 τὸ
1012 1293 1126 1380 αἴτιον,
1149 1288 1201 1362 ὅτι
1222 1293 1282 1362 τὸν
1303 1297 1361 1381 μὲν

209 1399 410 1490 εὐτυχοῦντα
431 1400 483 1468 ἐπὶ
505 1405 555 1488 τῷ
576 1403 666 1470 παιδὶ
689 1400 815 1468 ἐκεῖνον
846 1402 909 1491 ὁρᾷ
932 1453 1125 1470 .......
1149 1401 1210 1468 τὸν
1235 1405 1363 1490 γείτονα
1467 1433 1477 1456 ¹

209 1513 244 1578 a
271 1509 331 1578 τὸν
366 1510 577 1596 ἐκκομίζοντα
607 1506 647 1576 τὸ
679 1511 811 1577 παιδίον
844 1507 904 1596 οὐχ
932 1503 1013 1600 ὄμμ’.
1056 1509 1108 1576 Ne
1131 1511 1211 1578 haec
1234 1512 1362 1596 quidem

210 1621 380 1688 similitudo
399 1621 553 1689 maiorem
576 1619 674 1686 habet
693 1620 763 1688 vim
806 1619 894 1685 Nam
907 1620 962 1684 illa
982 1621 1147 1700 sententia,
1169 1621 1312 1686 homines
1329 1643 1362 1686 se

210 1753 330 1815 suaque
359 1731 466 1796 omnia
497 1751 536 1794 ex
565 1728 709 1798 divitum,
725 1729 934 1812 feliciumque,
961 1751 1025 1794 non
1056 1750 1233 1814 pauperum
1261 1729 1361 1794 infeli-

210 1839 355 1923 ciumque
377 1838 473 1904 rebus
495 1837 602 1902 metiri
624 1837 734 1918 solere,
757 1859 821 1902 non
843 1837 971 1902 insolita
986 1842 1035 1902 est
1050 1843 1082 1902 et
1097 1839 1249 1924 saepius2)
1265 1838 1360 1904 dicta.

310 1947 426 2014 Horat.
441 1952 500 2012 sat.
512 1946 551 2012 Π
565 1950 596 2030 2,
621 1949 807 2014 129-132:
830 1946 987 2030 ‚propriae
1005 1945 1126 2012 telluris
1141 1968 1231 2012 erum
1245 1952 1362 2014 natura

209 2078 267 2124 nec
295 2057 383 2124 illum
405 2055 476 2122 Nec
503 2077 555 2123 me
585 2075 643 2119 neo
672 2075 865 2138 quemquam
895 2055 1024 2133 statuit3
1055 2075 1113 2120 nos
1144 2056 1264 2139 expulit
1292 2057 1360 2136 ille3

207 2166 384 2232 Illumaut
412 2165 568 2248 nequities
597 2168 654 2228 ant
681 2162 763 2228 vafri
791 2162 916 2228 inscitia
944 2163 1036 2243 iuris,
1073 2161 1275 2228 Postremum
1310 2186 1361 2229 ex·
1455 2172 1458 2177 '

208 2272 305 2356 pellet
327 2276 412 2336 carte
432 2271 570 2336 vivacior
598 2269 707 2350 heres‘,
736 2268 814 2336 Luc.
836 2269 910 2338 ibid.
933 2273 976 2336 20
1008 2262 1141 2355 ,ἀνάγκη
1168 2267 1271 2336 ου’τὸν
1302 2272 1360 2354 μὲν

209 2374 334 2464 γυμνὸν
356 2376 510 2462 οἴχεσθαι,
539 2374 598 2464 τὴν
625 2377 730 2443 οἰκίαν
758 2379 793 2444 δὲ
817 2379 871 2444 καὶ
891 2373 950 2442 τὸν
970 2372 1072 2464 ἀγρὸν
1094 2379 1147 2442 καὶ
1169 2374 1207 2443 τὸ
1230 2379 1362 2462 χρυσίον

209 2482 257 2554 αἐὶ
279 2480 390 2552 ἄλλων
411 2481 564 2552 εἶναικαὶ
587 2479 797 2570 μεταβάλλειν
814 2483 892 2564 τοὺς
907 2479 1085 2564 δεσπότας.
1128 2486 1221 2552 Haec
1236 2501 1362 2572 quoque

209 2596 366 2662 sententia
386 2601 454 2660 tam
473 2594 623 2678 frequens
633 2597 654 2677 ³)
682 2599 779 2677 atque
807 2595 885 2660 trita
917 2598 973 2673 est,
1003 2601 1041 2658 ut
1069 2616 1108 2660 ex
1132 2595 1244 2660 eodem
1273 2595 1361 2660 fonte

209 2706 383 2770 Horatium
406 2710 438 2770 et
452 2702 632 2768 Lucianum
655 2723 723 2768 eam
744 2702 887 2770 hausisse
906 2703 1096 2768 contendere
1116 2725 1181 2769 non
1195 2704 1360 2788 possimus.

311 2813 429 2880 Horat.
442 2819 501 2880 sat.
513 2811 532 2876 I
546 2815 576 2894 3,
592 2814 733 2878 90-94:
754 2811 957 2894 ‚Comminxit
970 2812 1088 2878 lectum
1100 2819 1196 2897 potus
1210 2835 1360 2880 mensave

208 2923 350 2990 catillum
371 2921 519 2988 Euandri
539 2919 686 2986 manibus
705 2921 818 2986 tritum
844 2921 973 2987 deiecit:
1004 2921 1044 2986 ob
1075 2917 1158 2987 hanc
1187 2945 1264 3003 rem,
1290 2923 1361 2992 Aut

208 3033 346 3116 positum
363 3037 438 3098 aute
460 3047 533 3094 mea
550 3028 625 3112 quia
639 3028 761 3112 pullum
780 3029 813 3094 in
834 3034 927 3112 parte
944 3029 1040 3094 catini
1055 3027 1190 3096 Sustulit
1210 3031 1359 3112 esuriens,

209 3141 311 3204 minus
332 3141 393 3204 hoc
412 3137 571 3222 jucundus
595 3138 715 3202 amicus
738 3137 788 3203 Sit
810 3135 908 3204 mihi?
941 3135 1027 3221 Quid
1045 3129 1170 3218 faciam,
1192 3140 1219 3204 si
1240 3139 1360 3212 furtum

209 3244 366 3326 feceritP‘,
387 3245 621 3314 LucPromo.
636 3249 671 3312 8:
695 3247 809 3325 ,καίτοι
831 3240 889 3323 τάς
912 3269 946 3330 γε
969 3239 1103 3326 ἀπάτας,
1126 3235 1153 3312 ὦ
1174 3245 1279 3334 Ἑρμῆ,
1304 3244 1360 3326 τὰς

208 3347 362 3432 τοιαύτας
390 3351 588 3439 συμποτικὰς
623 3348 721 3430 οὔσας
753 3349 794 3419 ου’
826 3350 902 3440 χρὴ,
936 3350 1024 3439 οἶμαι
1031 3405 1040 3438 ,
1071 3349 1358 3442 ἀπομνημονεύειν,

207 3457 278 3528 ἀλλ’
293 3462 321 3529 εἰ
337 3463 392 3528 καὶ
406 3487 438 3528 τι
452 3458 631 3550 ἡμάρτηται
645 3457 766 3546 μεταξὺ
782 3456 1031 3548 εὐωχουμένων,
1046 3463 1180 3529 παιδίαν
1195 3463 1359 3549 ἡγεῖσθαν,

209 3593 234 3639 c.
251 3577 270 3638 9
294 3565 322 3658 ,ἢ
344 3573 375 3638 τί
395 3569 456 3658 γὰρ
479 3565 522 3638 ἄν
544 3570 692 3658 ἐποίησεν
708 3557 805 3650 οὗτος
823 3564 903 3638 ὅλον
919 3573 1001 3650 βοῦν
1016 3566 1188 3654 ἀπολέσας,
1210 3571 1238 3638 εἰ
1251 3578 1359 3658 noema

208 3676 328 3767 ὀλίγον
350 3677 444 3747 ἕνεκα
463 3682 641 3767 τηλικαῦτα
662 3675 819 3765 ὀργίζεται
828 3685 845 3759 ;‘
877 3679 989 3764 Atque
1012 3684 1097 3746 certe
1119 3678 1281 3748 Lucienus
1303 3702 1362 3748 cur

207 3790 256 3854 his
277 3789 354 3856 locis
374 3789 456 3855 alius
483 3789 646 3871 scriptoris
677 3788 855 3872 exemplum
881 3793 1006 3854 secutus
1037 3808 1104 3852 esse
1131 3787 1266 3867 dicatur,
1296 3810 1361 3854 non

209 3902 265 3976 est,
287 3919 361 3964 nam
383 3898 463 3964 haec
479 3901 669 3982 argumenta
683 3918 755 3962 eum
775 3895 889 3962 afferre
905 3917 1033 3962 necesse
1050 3901 1128 3978 erat,
1151 3897 1206 3980 qui
1221 3896 1360 3981 undique

311 4087 331 4157 ¹)
349 4089 454 4158 saepius
476 4085 504 4139 id
522 4087 636 4140 occurrit
663 4085 734 4156 apud
751 4085 898 4154 Aristoph.;
922 4085 967 4138 cfr.
986 4082 1112 4148 Dunbsr,
1138 4082 1313 4138 concordnuce
1331 4085 1360 4138 to

207 4179 253 4234 the
271 4177 401 4233 comedies
419 4177 471 4232 und
489 4177 634 4246 fragments
653 4176 683 4229 ol
699 4175 840 4244 Aristoph.

308 4268 330 4337 2)
347 4267 394 4324 cfr.
413 4267 548 4322 Plutarch.
566 4266 629 4332 nect
646 4263 781 4333 εὐθυμίας
801 4267 840 4320 10.

312 4356 333 4428 ⁸)
350 4357 397 4427 qui
414 4357 483 4412 alios
504 4357 582 4410 huius
603 4356 674 4410 modi
692 4356 765 4411 locos
786 4355 926 4422 desideret,
952 4355 1066 4411 editores
1084 4355 1245 4412 Horatianos
1263 4358 1290 4410 et
1309 4353 1360 4410 Lu·

207 4447 312 4506 cieums
330 4450 417 4516 odeat,
437 4450 483 4520 qui
500 4449 586 4504 multu
604 4447 721 4518 example
738 4463 763 4503 c.
783 4447 808 4502 h.
826 4447 843 4502 l.
862 4447 1061 4504 adnotaverunt.
