3306 4926
713 376 926 440 ..43-

242 543 391 610 cavimus.
435 541 509 628 Qua
535 565 570 610 re
597 544 656 610 etsi
680 543 852 628 probatum
874 549 954 624 erat,
975 543 1149 610 Horatium
1171 541 1322 627 Menippo
1343 539 1390 608 uti

241 674 305 718 non
334 653 490 737 potuisse,
530 658 639 718 temen
669 659 791 720 eertum
823 654 978 738 judicium
1012 676 1075 720 non
1113 652 1393 738 pronuntiavimus.

243 760 353 828 Tertia
374 761 473 844 igitur
493 765 585 846 perte
606 762 676 845 ipsa
699 783 797 846 opera
816 762 900 826 inter
919 783 953 828 se
968 767 1155 846 comparate
1170 766 1252 840 sunt,
1274 759 1394 826 Horati

243 875 275 936 et
299 906 337 920 -
360 891 423 934 non
446 869 588 954 Menippi
615 869 753 954 quidem,
784 891 823 935 ex
848 871 937 936 euius
954 870 1054 936 ‘libris
1083 891 1187 956 pauca
1213 869 1394 954 fragmenta

242 983 422 1061 supersunt,
455 977 511 1044 sed
542 976 679 1042 Luoiani
701 976 921 1062 Varronisque
949 983 1077 1044 saturae
1106 977 1307 1061 Menippeae,
1339 975 1394 1060 qui

242 1085 329 1150 illum
353 1087 460 1162 seouti,
483 1107 584 1169 paene
605 1086 663 1151 soli
683 1085 779 1170 paulo
800 1085 894 1170 plura
913 1084 953 1151 do
976 1107 1013 1152 eo
1028 1084 1240 1169 suppeditant.
1283 1083 1394 1167 Atque

243 1192 463 1258 similitudines
487 1193 565 1259 setis
586 1193 705 1260 multae
727 1191 900 1277 indagatae
922 1198 1003 1273 sunt,
1033 1214 1115 1277 quae
1142 1197 1250 1258 tamen
1272 1213 1329 1256 our
1352 1191 1394 1256 ad

243 1299 430 1385 Menippum
459 1306 664 1376 revocentur,
696 1321 768 1366 oum
799 1321 992 1390 unaqueque
1022 1301 1084 1396 alio
1114 1300 1209 1366 modo
1241 1299 1393 1384 explicari

243 1410 352 1492 possit,
371 1429 435 1472 non
453 1414 510 1474 est.
544 1407 660 1492 ltaque
675 1429 733 1474 nos
750 1429 814 1474 non
829 1407 958 1488 hebere,
979 1429 1036 1474 our
1050 1407 1236 1492 Menippum
1252 1408 1394 1492 exemplo

244 1518 342 1582 fuisse
361 1515 500 1582 Horatio
524 1515 674 1597 dicamus,
704 1516 909 1582 statuendum
936 1522 1038 1582 estet
1064 1515 1125 1580 heo
1147 1516 1179 1580 in
1207 1537 1242 1582 re
1271 1516 1396 1610 nequie-

246 1624 413 1704 soendum3
436 1646 510 1690 nam
533 1647 572 1690 ne
587 1646 722 1709 mugnus
737 1624 865 1709 quidem
883 1645 1034 1689 numerus
1052 1622 1290 1688 similitudinum
1306 1622 1396 1706 quid·

247 1754 343 1818 quem
365 1733 457 1812 vaiet,
484 1734 634 1816 quoniam
655 1734 716 1817 ipsi
737 1733 907 1816 scriptores
929 1737 961 1798 et
987 1731 1128 1796 eiusdem
1154 1752 1256 1816 paene
1281 1731 1396 1796 indolis

247 1849 344 1929 utque
365 1846 501 1908 naturae
518 1841 647 1906 fuerunt
669 1846 701 1907 et
723 1839 823 1906 simile
845 1839 1005 1906 scribendi
1022 1861 1121 1924 genus
1143 1839 1317 1907 uoluerunt.
